Order ID,Customer ID,Rush Shipment,Cookies Shipped,Revenue,Cost,Order Date
103190,152689,Yes,526,2630,1315,02/10/2022
103240,325698,No,774,3870,1935,6/18/2022
107775,325698,Yes,208,1040,520,7/31/2022
108129,452584,Yes,434,2170,1085,8/17/2022
108365,452584,No,50,250,125,01/05/2022
111037,985245,No,360,1800,900,11/09/2022
111987,152689,Yes,147,735,367.5,7/15/2022
112953,785432,No,697,3485,1742.5,11/11/2022
113536,152689,Yes,770,3850,1925,12/03/2022
117415,785432,Yes,370,1850,925,1/21/2022
117498,452584,No,560,2800,1400,12/30/2022
119136,985245,No,856,4280,2140,01/10/2022
120299,325698,Yes,423,2115,1057.5,10/24/2022
122410,325698,Yes,799,3995,1997.5,01/07/2022
122648,785432,Yes,588,2940,1470,7/17/2022
125749,325698,No,465,2325,1162.5,12/04/2022
126086,152689,Yes,296,1480,740,07/09/2022
127484,152689,No,735,3675,1837.5,6/23/2022
127800,985245,Yes,277,1385,692.5,4/27/2022
127921,985245,Yes,714,3570,1785,6/26/2022
128442,152689,No,443,2215,1107.5,7/19/2022
129825,985245,No,235,1175,587.5,6/30/2022
130670,985245,No,660,3300,1650,01/01/2022
130740,452584,Yes,345,1725,862.5,12/05/2022
131485,325698,Yes,450,2250,1125,11/24/2022
131673,985245,No,449,2245,1122.5,9/17/2022
131704,985245,Yes,362,1810,905,7/17/2022
132382,152689,Yes,74,370,185,1/26/2022
133822,325698,No,146,730,365,07/10/2022
134004,985245,Yes,882,4410,2205,06/09/2022
134596,152689,Yes,318,1590,795,05/03/2022
134900,325698,No,119,595,297.5,7/27/2022
135063,785432,Yes,566,2830,1415,12/29/2022
135594,152689,Yes,623,3115,1557.5,9/30/2022
137268,452584,No,919,4595,2297.5,1/29/2022
141731,152689,Yes,755,3775,1887.5,4/15/2022
143263,152689,Yes,831,4155,2077.5,07/08/2022
143468,325698,No,894,4470,2235,12/10/2022
144015,985245,Yes,87,435,217.5,5/29/2022
144504,325698,Yes,891,4455,2227.5,09/09/2022
147508,325698,No,859,4295,2147.5,5/30/2022
147599,985245,No,156,780,390,07/10/2022
149389,325698,Yes,858,4290,2145,07/03/2022
149582,785432,No,856,4280,2140,06/09/2022
149805,785432,No,999,4995,2497.5,2/15/2022
150266,785432,No,776,3880,1940,2/27/2022
150495,325698,No,653,3265,1632.5,12/01/2022
152372,785432,No,640,3200,1600,02/05/2022
152600,152689,No,958,4790,2395,11/23/2022
152834,785432,No,262,1310,655,8/16/2022
153956,152689,No,510,2550,1275,8/19/2022
154861,452584,No,154,770,385,09/10/2022
155037,785432,No,187,935,467.5,07/11/2022
155799,152689,Yes,143,715,357.5,1/13/2022
156143,985245,No,818,4090,2045,08/02/2022
156742,325698,No,149,745,372.5,09/02/2022
157482,785432,No,756,3780,1890,02/09/2022
158779,325698,Yes,927,4635,2317.5,3/13/2022
158814,785432,No,513,2565,1282.5,05/05/2022
158819,325698,No,641,3205,1602.5,1/31/2022
159499,785432,Yes,287,1435,717.5,9/22/2022
159645,152689,No,567,2835,1417.5,1/27/2022
159992,452584,Yes,183,915,457.5,02/04/2022
160000,152689,No,538,2690,1345,04/09/2022
160960,325698,No,168,840,420,4/19/2022
161268,152689,Yes,326,1630,815,11/03/2022
161953,325698,No,610,3050,1525,5/24/2022
162413,152689,No,58,290,145,11/22/2022
162821,985245,Yes,862,4310,2155,05/04/2022
163588,452584,No,484,2420,1210,02/08/2022
168336,325698,No,687,3435,1717.5,7/17/2022
171664,325698,No,108,540,270,8/22/2022
171954,152689,No,537,2685,1342.5,11/10/2022
172383,985245,Yes,505,2525,1262.5,10/09/2022
174155,152689,Yes,736,3680,1840,04/10/2022
174563,452584,Yes,464,2320,1160,1/20/2022
174871,452584,No,80,400,200,04/07/2022
176295,985245,No,992,4960,2480,3/28/2022
177074,785432,Yes,841,4205,2102.5,6/21/2022
178573,985245,Yes,498,2490,1245,12/14/2022
179462,785432,Yes,719,3595,1797.5,8/25/2022
179818,152689,Yes,238,1190,595,11/05/2022
181674,325698,No,765,3825,1912.5,09/12/2022
181909,785432,Yes,987,4935,2467.5,8/22/2022
185832,985245,Yes,213,1065,532.5,05/12/2022
186135,985245,Yes,814,4070,2035,10/24/2022
186174,325698,No,452,2260,1130,11/21/2022
188674,325698,Yes,955,4775,2387.5,01/01/2022
189068,152689,No,717,3585,1792.5,7/19/2022
193032,325698,No,881,4405,2202.5,6/24/2022
194107,152689,Yes,333,1665,832.5,10/02/2022
195176,785432,Yes,78,390,195,9/29/2022
195955,325698,Yes,435,2175,1087.5,05/12/2022
198441,152689,No,931,4655,2327.5,7/19/2022
199375,985245,Yes,330,1650,825,03/04/2022
200373,985245,Yes,461,2305,1152.5,5/17/2022
200818,785432,No,745,3725,1862.5,6/13/2022
204987,325698,Yes,689,3445,1722.5,6/17/2022
206263,985245,No,703,3515,1757.5,02/08/2022
206613,152689,Yes,439,2195,1097.5,07/09/2022
206984,452584,No,990,4950,2475,4/14/2022
207376,785432,Yes,617,3085,1542.5,06/02/2022
207408,985245,Yes,796,3980,1990,03/11/2022
208842,985245,No,822,4110,2055,04/10/2022
210604,985245,No,654,3270,1635,07/06/2022
212570,325698,No,680,3400,1700,2/17/2022
213160,985245,No,769,3845,1922.5,11/06/2022
214019,452584,No,923,4615,2307.5,10/22/2022
214515,985245,No,77,385,192.5,6/16/2022
214995,152689,Yes,324,1620,810,02/05/2022
216539,985245,No,663,3315,1657.5,05/07/2022
217061,325698,No,696,3480,1740,12/23/2022
218938,785432,No,952,4760,2380,2/27/2022
219755,325698,Yes,108,540,270,6/13/2022
220231,152689,Yes,118,590,295,2/14/2022
220916,152689,Yes,605,3025,1512.5,1/30/2022
223330,785432,No,658,3290,1645,11/17/2022
223500,325698,Yes,929,4645,2322.5,7/22/2022
225086,985245,Yes,217,1085,542.5,5/29/2022
226405,325698,Yes,590,2950,1475,10/22/2022
226522,152689,Yes,162,810,405,10/13/2022
227407,785432,No,364,1820,910,6/18/2022
227411,325698,Yes,427,2135,1067.5,8/14/2022
230797,152689,Yes,371,1855,927.5,3/14/2022
232203,325698,Yes,998,4990,2495,4/23/2022
232966,325698,Yes,659,3295,1647.5,05/01/2022
233649,325698,No,619,3095,1547.5,12/19/2022
233751,985245,Yes,240,1200,600,3/22/2022
237562,785432,No,909,4545,2272.5,8/23/2022
239504,985245,Yes,723,3615,1807.5,3/24/2022
240525,985245,No,292,1460,730,11/04/2022
241812,985245,No,996,4980,2490,3/21/2022
242964,452584,No,79,395,197.5,1/19/2022
245772,452584,No,138,690,345,11/21/2022
251624,325698,No,495,2475,1237.5,01/04/2022
253636,325698,Yes,770,3850,1925,12/04/2022
254941,785432,Yes,441,2205,1102.5,12/30/2022
255154,325698,Yes,663,3315,1657.5,07/11/2022
257036,325698,Yes,366,1830,915,12/01/2022
257065,985245,No,961,4805,2402.5,3/20/2022
257534,325698,No,897,4485,2242.5,11/06/2022
257902,985245,No,773,3865,1932.5,5/25/2022
259692,152689,Yes,132,660,330,07/02/2022
260154,785432,Yes,612,3060,1530,5/27/2022
261400,325698,No,469,2345,1172.5,1/18/2022
264236,152689,No,319,1595,797.5,2/24/2022
265259,325698,No,504,2520,1260,4/27/2022
265604,985245,Yes,923,4615,2307.5,11/20/2022
267709,325698,Yes,920,4600,2300,7/23/2022
268820,152689,No,517,2585,1292.5,09/02/2022
270489,152689,Yes,207,1035,517.5,12/01/2022
270747,985245,Yes,724,3620,1810,1/28/2022
271203,985245,No,869,4345,2172.5,9/20/2022
271429,325698,No,831,4155,2077.5,11/28/2022
272470,452584,Yes,296,1480,740,9/28/2022
272915,985245,No,434,2170,1085,04/12/2022
273543,985245,Yes,932,4660,2330,12/14/2022
273628,985245,No,698,3490,1745,5/19/2022
274164,452584,Yes,143,715,357.5,3/27/2022
274472,985245,Yes,688,3440,1720,3/29/2022
275047,325698,Yes,745,3725,1862.5,11/24/2022
275108,325698,Yes,761,3805,1902.5,5/27/2022
275536,325698,Yes,464,2320,1160,2/16/2022
277723,985245,No,705,3525,1762.5,3/13/2022
278111,452584,No,754,3770,1885,12/04/2022
278761,152689,No,612,3060,1530,10/06/2022
278874,152689,Yes,688,3440,1720,03/06/2022
279437,325698,Yes,156,780,390,09/11/2022
280368,152689,No,267,1335,667.5,5/30/2022
281119,325698,No,206,1030,515,8/17/2022
281409,985245,Yes,93,465,232.5,03/09/2022
281469,152689,Yes,836,4180,2090,2/27/2022
282038,985245,No,298,1490,745,04/10/2022
282132,325698,Yes,704,3520,1760,4/28/2022
282161,985245,No,455,2275,1137.5,5/20/2022
283961,985245,No,109,545,272.5,11/08/2022
285071,152689,No,595,2975,1487.5,3/26/2022
285536,785432,Yes,336,1680,840,10/08/2022
286572,985245,Yes,814,4070,2035,11/02/2022
287367,985245,Yes,344,1720,860,12/15/2022
289201,985245,No,450,2250,1125,9/23/2022
289423,152689,Yes,623,3115,1557.5,05/11/2022
290071,985245,No,513,2565,1282.5,4/26/2022
290854,985245,Yes,173,865,432.5,10/08/2022
292457,325698,No,284,1420,710,10/28/2022
292912,785432,No,110,550,275,06/05/2022
294041,785432,No,767,3835,1917.5,8/27/2022
294232,325698,No,174,870,435,11/12/2022
295858,785432,Yes,169,845,422.5,07/04/2022
296056,985245,No,800,4000,2000,03/07/2022
296581,785432,Yes,423,2115,1057.5,8/17/2022
299303,325698,Yes,959,4795,2397.5,10/03/2022
300406,785432,Yes,542,2710,1355,07/02/2022
300662,985245,No,672,3360,1680,5/13/2022
302491,985245,Yes,668,3340,1670,10/16/2022
303947,152689,No,805,4025,2012.5,4/26/2022
303996,452584,Yes,155,775,387.5,10/06/2022
304108,985245,No,58,290,145,4/23/2022
304169,152689,No,707,3535,1767.5,1/27/2022
304823,325698,Yes,580,2900,1450,06/08/2022
305697,152689,No,634,3170,1585,01/08/2022
306196,325698,Yes,784,3920,1960,02/08/2022
309145,325698,Yes,372,1860,930,06/11/2022
309977,152689,No,556,2780,1390,11/05/2022
310045,785432,Yes,117,585,292.5,05/12/2022
310202,452584,Yes,514,2570,1285,10/12/2022
310236,325698,No,129,645,322.5,09/08/2022
310730,152689,No,142,710,355,4/17/2022
311450,785432,Yes,377,1885,942.5,8/22/2022
312589,325698,No,713,3565,1782.5,9/19/2022
312713,985245,Yes,474,2370,1185,3/22/2022
313845,785432,No,363,1815,907.5,08/01/2022
314682,985245,No,986,4930,2465,03/02/2022
314698,325698,Yes,314,1570,785,10/11/2022
316393,325698,No,59,295,147.5,12/19/2022
321832,785432,Yes,361,1805,902.5,8/25/2022
322061,785432,Yes,598,2990,1495,7/27/2022
323276,325698,No,810,4050,2025,9/14/2022
323530,452584,Yes,352,1760,880,06/03/2022
324961,452584,Yes,213,1065,532.5,12/11/2022
324984,785432,No,177,885,442.5,4/25/2022
326653,985245,Yes,854,4270,2135,1/15/2022
330390,985245,Yes,136,680,340,10/19/2022
331281,985245,Yes,562,2810,1405,02/04/2022
335925,325698,Yes,694,3470,1735,01/10/2022
336306,785432,Yes,874,4370,2185,06/06/2022
336410,785432,No,789,3945,1972.5,1/21/2022
341040,325698,Yes,336,1680,840,12/15/2022
342812,985245,Yes,426,2130,1065,09/10/2022
343292,985245,No,310,1550,775,6/21/2022
344802,325698,Yes,588,2940,1470,9/29/2022
345960,325698,No,529,2645,1322.5,01/04/2022
349114,785432,Yes,204,1020,510,3/20/2022
349672,325698,No,175,875,437.5,2/20/2022
349829,785432,No,968,4840,2420,7/15/2022
351306,785432,Yes,385,1925,962.5,11/12/2022
352258,785432,No,359,1795,897.5,06/01/2022
352717,985245,Yes,272,1360,680,01/12/2022
353461,985245,No,780,3900,1950,12/18/2022
354196,785432,Yes,343,1715,857.5,10/15/2022
356117,985245,Yes,673,3365,1682.5,3/25/2022
356956,452584,No,800,4000,2000,5/13/2022
358505,985245,No,406,2030,1015,11/03/2022
359163,325698,No,994,4970,2485,05/01/2022
359838,152689,No,663,3315,1657.5,06/04/2022
360493,152689,Yes,880,4400,2200,3/29/2022
361053,985245,Yes,571,2855,1427.5,02/09/2022
361183,152689,Yes,168,840,420,4/15/2022
361497,785432,No,959,4795,2397.5,06/10/2022
362101,785432,Yes,177,885,442.5,10/31/2022
362112,985245,Yes,710,3550,1775,8/20/2022
362910,785432,Yes,573,2865,1432.5,2/25/2022
363758,325698,Yes,714,3570,1785,4/27/2022
365626,785432,Yes,100,500,250,10/15/2022
366379,325698,Yes,385,1925,962.5,11/25/2022
366965,325698,No,330,1650,825,1/13/2022
367453,985245,Yes,297,1485,742.5,06/07/2022
367682,325698,No,804,4020,2010,12/09/2022
370397,325698,No,831,4155,2077.5,07/04/2022
371144,985245,Yes,318,1590,795,03/11/2022
374033,452584,Yes,261,1305,652.5,02/10/2022
374844,325698,No,206,1030,515,3/26/2022
375727,985245,Yes,272,1360,680,05/11/2022
377820,325698,No,69,345,172.5,2/19/2022
378599,325698,Yes,317,1585,792.5,5/30/2022
379940,785432,No,773,3865,1932.5,8/17/2022
380958,985245,No,640,3200,1600,5/20/2022
381024,785432,No,391,1955,977.5,11/20/2022
381711,985245,Yes,537,2685,1342.5,04/07/2022
382629,152689,No,557,2785,1392.5,1/27/2022
383370,325698,No,789,3945,1972.5,1/17/2022
383537,985245,Yes,858,4290,2145,1/19/2022
383634,785432,Yes,81,405,202.5,2/16/2022
389616,325698,No,710,3550,1775,05/07/2022
389840,785432,No,225,1125,562.5,3/30/2022
391355,985245,Yes,137,685,342.5,06/04/2022
392590,452584,Yes,349,1745,872.5,08/06/2022
392956,325698,No,991,4955,2477.5,03/10/2022
392968,452584,Yes,367,1835,917.5,9/17/2022
397633,985245,No,411,2055,1027.5,04/09/2022
398061,985245,Yes,81,405,202.5,1/23/2022
400908,152689,Yes,680,3400,1700,1/18/2022
400973,152689,No,588,2940,1470,07/05/2022
404162,785432,Yes,912,4560,2280,03/06/2022
404380,152689,No,901,4505,2252.5,10/27/2022
405943,152689,Yes,825,4125,2062.5,10/10/2022
407686,152689,Yes,909,4545,2272.5,4/17/2022
407922,785432,No,206,1030,515,04/02/2022
408387,785432,No,487,2435,1217.5,1/17/2022
409261,325698,Yes,125,625,312.5,08/04/2022
410390,785432,Yes,748,3740,1870,11/09/2022
411378,152689,No,357,1785,892.5,8/26/2022
412250,152689,No,578,2890,1445,9/30/2022
412809,325698,Yes,566,2830,1415,10/25/2022
413120,985245,Yes,646,3230,1615,7/20/2022
413630,452584,No,230,1150,575,7/26/2022
414788,325698,Yes,708,3540,1770,9/15/2022
415259,985245,No,944,4720,2360,01/05/2022
416139,785432,No,216,1080,540,02/12/2022
420928,325698,Yes,370,1850,925,1/30/2022
423958,152689,No,613,3065,1532.5,05/06/2022
423980,152689,No,275,1375,687.5,1/17/2022
424927,152689,Yes,774,3870,1935,9/29/2022
426513,985245,Yes,893,4465,2232.5,1/21/2022
430798,985245,No,858,4290,2145,3/17/2022
432482,325698,Yes,928,4640,2320,07/12/2022
436698,785432,Yes,185,925,462.5,03/10/2022
438936,152689,Yes,859,4295,2147.5,3/16/2022
441125,985245,Yes,318,1590,795,11/30/2022
442338,785432,Yes,461,2305,1152.5,5/22/2022
442519,152689,No,79,395,197.5,07/09/2022
443406,325698,No,331,1655,827.5,7/16/2022
444253,152689,Yes,331,1655,827.5,12/25/2022
447064,325698,No,105,525,262.5,04/09/2022
447142,325698,Yes,433,2165,1082.5,7/18/2022
447348,325698,Yes,495,2475,1237.5,7/28/2022
449936,785432,No,856,4280,2140,12/23/2022
449940,985245,No,404,2020,1010,10/15/2022
453729,325698,No,528,2640,1320,02/05/2022
455247,785432,Yes,257,1285,642.5,08/03/2022
455704,325698,No,878,4390,2195,11/08/2022
456331,325698,Yes,915,4575,2287.5,6/18/2022
457493,985245,Yes,538,2690,1345,7/23/2022
458494,452584,Yes,618,3090,1545,07/06/2022
459749,985245,Yes,585,2925,1462.5,10/18/2022
460704,152689,No,991,4955,2477.5,3/24/2022
461771,152689,Yes,259,1295,647.5,11/04/2022
462264,152689,Yes,592,2960,1480,7/24/2022
462437,985245,Yes,695,3475,1737.5,03/10/2022
464164,325698,No,279,1395,697.5,5/28/2022
465004,325698,Yes,778,3890,1945,7/17/2022
465573,785432,No,651,3255,1627.5,1/24/2022
466711,985245,No,699,3495,1747.5,1/28/2022
468780,785432,Yes,483,2415,1207.5,12/11/2022
469056,452584,Yes,196,980,490,03/08/2022
471996,985245,Yes,578,2890,1445,3/20/2022
473243,325698,Yes,492,2460,1230,5/19/2022
473257,785432,Yes,633,3165,1582.5,10/20/2022
474076,325698,No,855,4275,2137.5,3/18/2022
474397,152689,Yes,745,3725,1862.5,12/15/2022
476117,785432,Yes,269,1345,672.5,10/25/2022
477853,985245,No,486,2430,1215,3/18/2022
478505,985245,No,416,2080,1040,7/29/2022
479936,985245,Yes,299,1495,747.5,03/03/2022
480409,785432,Yes,339,1695,847.5,10/09/2022
481162,152689,Yes,380,1900,950,2/16/2022
481493,785432,Yes,332,1660,830,4/30/2022
482656,785432,Yes,551,2755,1377.5,03/01/2022
482891,452584,No,729,3645,1822.5,06/10/2022
483986,152689,No,932,4660,2330,1/25/2022
484079,325698,No,183,915,457.5,8/25/2022
484422,325698,Yes,133,665,332.5,3/13/2022
484697,985245,Yes,217,1085,542.5,9/18/2022
486740,985245,Yes,339,1695,847.5,8/22/2022
486987,325698,Yes,717,3585,1792.5,1/26/2022
487006,152689,Yes,70,350,175,4/28/2022
487494,985245,No,482,2410,1205,11/30/2022
488506,452584,No,879,4395,2197.5,6/20/2022
490281,325698,Yes,352,1760,880,11/01/2022
490924,152689,Yes,778,3890,1945,07/01/2022
492224,325698,No,990,4950,2475,9/29/2022
493230,785432,No,419,2095,1047.5,1/28/2022
495197,985245,Yes,881,4405,2202.5,09/11/2022
495420,152689,No,317,1585,792.5,9/13/2022
497571,325698,Yes,88,440,220,12/21/2022
498224,785432,Yes,658,3290,1645,02/02/2022
498604,785432,Yes,578,2890,1445,10/25/2022
500782,985245,Yes,802,4010,2005,11/27/2022
500976,325698,Yes,141,705,352.5,2/28/2022
503556,452584,No,155,775,387.5,05/01/2022
503563,785432,No,457,2285,1142.5,1/18/2022
503607,325698,No,131,655,327.5,1/28/2022
505692,152689,Yes,350,1750,875,5/30/2022
505829,785432,No,940,4700,2350,10/02/2022
505941,152689,No,750,3750,1875,9/14/2022
505987,985245,Yes,401,2005,1002.5,06/09/2022
509628,152689,No,529,2645,1322.5,06/06/2022
510966,325698,No,207,1035,517.5,8/25/2022
511887,985245,No,412,2060,1030,12/12/2022
512534,325698,No,253,1265,632.5,05/09/2022
512813,325698,No,171,855,427.5,11/16/2022
514064,985245,Yes,742,3710,1855,01/11/2022
514294,785432,No,570,2850,1425,3/15/2022
514558,985245,Yes,412,2060,1030,2/23/2022
516335,152689,No,633,3165,1582.5,10/03/2022
517097,325698,No,158,790,395,11/01/2022
523137,785432,Yes,762,3810,1905,4/25/2022
525345,325698,No,413,2065,1032.5,08/03/2022
526516,452584,Yes,263,1315,657.5,1/15/2022
527180,325698,Yes,478,2390,1195,7/23/2022
528494,325698,No,448,2240,1120,04/12/2022
528584,152689,No,642,3210,1605,11/19/2022
529641,985245,Yes,695,3475,1737.5,6/24/2022
530582,985245,No,944,4720,2360,12/15/2022
531530,152689,No,65,325,162.5,9/17/2022
531702,325698,Yes,366,1830,915,11/14/2022
532788,985245,Yes,160,800,400,3/30/2022
533044,785432,No,453,2265,1132.5,3/14/2022
533657,785432,No,542,2710,1355,12/12/2022
534660,985245,Yes,424,2120,1060,08/07/2022
540958,152689,No,284,1420,710,12/21/2022
542327,325698,Yes,184,920,460,3/18/2022
542683,325698,No,444,2220,1110,05/05/2022
543699,785432,Yes,515,2575,1287.5,1/26/2022
544682,325698,Yes,831,4155,2077.5,1/29/2022
544716,985245,No,817,4085,2042.5,09/05/2022
544884,325698,No,995,4975,2487.5,8/18/2022
546001,325698,Yes,554,2770,1385,01/05/2022
546482,325698,Yes,102,510,255,12/30/2022
547076,785432,Yes,159,795,397.5,04/05/2022
547092,152689,Yes,745,3725,1862.5,2/19/2022
549519,985245,No,502,2510,1255,2/28/2022
552225,452584,Yes,349,1745,872.5,05/01/2022
557150,785432,Yes,854,4270,2135,8/26/2022
558478,452584,No,757,3785,1892.5,05/01/2022
560678,985245,No,253,1265,632.5,1/16/2022
560998,985245,No,857,4285,2142.5,07/04/2022
561259,152689,Yes,142,710,355,8/19/2022
563188,985245,No,458,2290,1145,6/30/2022
563236,785432,Yes,291,1455,727.5,8/24/2022
564810,325698,Yes,508,2540,1270,10/13/2022
568888,325698,No,601,3005,1502.5,05/01/2022
569192,325698,Yes,132,660,330,3/13/2022
569890,152689,No,456,2280,1140,4/14/2022
572260,785432,Yes,984,4920,2460,01/04/2022
572890,152689,No,318,1590,795,06/11/2022
574202,785432,No,840,4200,2100,08/10/2022
574909,325698,No,249,1245,622.5,11/07/2022
576278,152689,No,294,1470,735,7/19/2022
577690,985245,Yes,570,2850,1425,1/15/2022
577742,985245,Yes,323,1615,807.5,11/09/2022
577871,325698,Yes,369,1845,922.5,5/24/2022
579146,325698,No,215,1075,537.5,01/12/2022
579429,325698,No,265,1325,662.5,07/07/2022
579513,985245,No,172,860,430,1/24/2022
580201,152689,Yes,414,2070,1035,7/27/2022
581638,985245,No,220,1100,550,12/22/2022
586140,452584,No,689,3445,1722.5,6/18/2022
587024,985245,Yes,604,3020,1510,10/23/2022
587052,785432,Yes,308,1540,770,05/02/2022
590099,325698,No,486,2430,1215,12/21/2022
590184,785432,No,846,4230,2115,05/02/2022
593344,325698,No,928,4640,2320,11/26/2022
598734,785432,Yes,148,740,370,7/15/2022
599943,325698,No,934,4670,2335,05/12/2022
604057,785432,Yes,927,4635,2317.5,01/12/2022
604287,152689,Yes,397,1985,992.5,06/07/2022
604594,152689,No,238,1190,595,1/18/2022
604803,785432,No,647,3235,1617.5,1/25/2022
606944,325698,No,95,475,237.5,4/26/2022
607706,985245,No,762,3810,1905,08/09/2022
610808,785432,No,676,3380,1690,5/14/2022
611589,325698,Yes,572,2860,1430,4/30/2022
611942,785432,No,338,1690,845,11/15/2022
612308,985245,Yes,114,570,285,2/27/2022
614298,325698,Yes,380,1900,950,10/24/2022
615440,985245,Yes,850,4250,2125,01/01/2022
617015,152689,Yes,641,3205,1602.5,04/08/2022
617835,785432,Yes,638,3190,1595,09/03/2022
618892,325698,Yes,94,470,235,05/07/2022
619322,325698,No,246,1230,615,5/13/2022
619570,325698,No,457,2285,1142.5,07/12/2022
619746,985245,Yes,796,3980,1990,12/07/2022
619901,325698,No,233,1165,582.5,11/28/2022
619996,985245,Yes,247,1235,617.5,5/15/2022
620112,152689,Yes,424,2120,1060,4/21/2022
620240,325698,No,719,3595,1797.5,5/16/2022
621640,785432,No,167,835,417.5,05/09/2022
622044,985245,Yes,525,2625,1312.5,7/26/2022
622102,152689,No,343,1715,857.5,08/07/2022
622419,985245,Yes,557,2785,1392.5,01/07/2022
623660,985245,No,358,1790,895,3/13/2022
624417,152689,No,541,2705,1352.5,3/24/2022
626518,985245,Yes,782,3910,1955,02/06/2022
627428,785432,Yes,495,2475,1237.5,4/24/2022
628147,452584,Yes,589,2945,1472.5,9/17/2022
630962,985245,Yes,289,1445,722.5,02/04/2022
630969,325698,Yes,375,1875,937.5,4/24/2022
631974,785432,No,630,3150,1575,11/09/2022
632199,152689,No,353,1765,882.5,7/27/2022
634170,785432,No,137,685,342.5,03/07/2022
634707,152689,No,453,2265,1132.5,11/20/2022
637747,785432,No,455,2275,1137.5,6/20/2022
638675,785432,Yes,560,2800,1400,3/15/2022
639344,325698,No,304,1520,760,12/12/2022
641917,785432,No,68,340,170,09/11/2022
642036,785432,No,427,2135,1067.5,1/22/2022
643770,452584,Yes,857,4285,2142.5,10/15/2022
644402,985245,Yes,697,3485,1742.5,9/27/2022
645852,325698,No,361,1805,902.5,5/22/2022
651398,152689,No,403,2015,1007.5,11/30/2022
653497,785432,Yes,245,1225,612.5,11/20/2022
654095,325698,Yes,422,2110,1055,07/07/2022
655498,152689,No,83,415,207.5,7/27/2022
656576,985245,No,213,1065,532.5,4/20/2022
657038,985245,Yes,149,745,372.5,06/07/2022
659072,985245,Yes,67,335,167.5,10/15/2022
659466,985245,No,260,1300,650,5/29/2022
661330,152689,Yes,647,3235,1617.5,3/18/2022
663741,152689,No,311,1555,777.5,9/25/2022
664005,325698,Yes,300,1500,750,5/20/2022
665958,985245,No,858,4290,2145,01/01/2022
667198,785432,No,577,2885,1442.5,10/01/2022
668019,152689,Yes,84,420,210,3/21/2022
670338,325698,No,100,500,250,05/11/2022
670839,325698,Yes,435,2175,1087.5,9/21/2022
671994,325698,Yes,800,4000,2000,08/03/2022
673111,785432,Yes,681,3405,1702.5,3/16/2022
674458,985245,No,772,3860,1930,08/01/2022
674571,785432,Yes,991,4955,2477.5,7/20/2022
675943,985245,Yes,832,4160,2080,05/03/2022
675958,325698,No,176,880,440,8/23/2022
677337,325698,No,432,2160,1080,12/28/2022
678633,152689,Yes,739,3695,1847.5,10/26/2022
679008,325698,No,355,1775,887.5,09/02/2022
680086,985245,Yes,297,1485,742.5,05/11/2022
680956,325698,No,598,2990,1495,12/09/2022
682223,785432,Yes,262,1310,655,11/12/2022
684423,985245,Yes,96,480,240,06/01/2022
685406,785432,Yes,811,4055,2027.5,05/08/2022
686238,785432,Yes,961,4805,2402.5,10/26/2022
686937,452584,No,922,4610,2305,12/08/2022
687094,785432,Yes,484,2420,1210,6/15/2022
688765,985245,Yes,545,2725,1362.5,08/08/2022
690923,152689,No,971,4855,2427.5,7/16/2022
696605,452584,No,320,1600,800,1/24/2022
697558,152689,No,450,2250,1125,4/30/2022
697688,985245,Yes,188,940,470,09/12/2022
698074,325698,Yes,735,3675,1837.5,03/07/2022
701640,785432,Yes,655,3275,1637.5,6/20/2022
704302,152689,No,469,2345,1172.5,10/15/2022
706356,785432,Yes,670,3350,1675,6/30/2022
708881,985245,No,390,1950,975,9/14/2022
709318,785432,No,741,3705,1852.5,5/18/2022
709422,985245,Yes,952,4760,2380,04/04/2022
713066,152689,Yes,646,3230,1615,6/23/2022
713293,325698,No,575,2875,1437.5,11/02/2022
716846,325698,No,937,4685,2342.5,12/12/2022
717541,325698,Yes,790,3950,1975,12/07/2022
718091,325698,Yes,368,1840,920,01/11/2022
718095,325698,No,899,4495,2247.5,03/05/2022
718833,325698,No,840,4200,2100,10/01/2022
719004,325698,No,831,4155,2077.5,3/29/2022
719506,152689,Yes,619,3095,1547.5,06/09/2022
720225,985245,No,792,3960,1980,5/22/2022
721232,452584,Yes,163,815,407.5,6/29/2022
721540,985245,No,215,1075,537.5,10/14/2022
723791,152689,Yes,314,1570,785,09/08/2022
724638,325698,No,260,1300,650,2/26/2022
724914,325698,Yes,975,4875,2437.5,8/19/2022
726103,325698,No,263,1315,657.5,10/25/2022
728576,985245,Yes,429,2145,1072.5,12/08/2022
731418,325698,Yes,440,2200,1100,5/21/2022
732223,152689,Yes,921,4605,2302.5,9/20/2022
732259,152689,Yes,632,3160,1580,07/12/2022
733011,785432,No,823,4115,2057.5,09/11/2022
734268,325698,Yes,176,880,440,06/05/2022
736781,985245,Yes,498,2490,1245,05/05/2022
739370,325698,No,925,4625,2312.5,09/02/2022
739541,325698,Yes,229,1145,572.5,11/10/2022
744796,152689,No,226,1130,565,10/09/2022
746997,325698,No,509,2545,1272.5,03/12/2022
747094,325698,No,851,4255,2127.5,9/28/2022
747459,985245,No,546,2730,1365,6/17/2022
747466,325698,Yes,614,3070,1535,10/08/2022
747519,152689,Yes,331,1655,827.5,9/28/2022
749043,785432,Yes,841,4205,2102.5,12/18/2022
750777,785432,Yes,62,310,155,09/12/2022
754436,985245,No,751,3755,1877.5,1/24/2022
754527,985245,No,516,2580,1290,12/14/2022
755746,985245,Yes,81,405,202.5,8/20/2022
755802,152689,No,977,4885,2442.5,03/11/2022
755816,325698,Yes,217,1085,542.5,3/20/2022
756978,152689,Yes,327,1635,817.5,03/06/2022
757424,325698,No,674,3370,1685,2/26/2022
757506,152689,Yes,236,1180,590,9/30/2022
757907,985245,Yes,226,1130,565,2/24/2022
758575,325698,No,238,1190,595,10/20/2022
758940,785432,Yes,964,4820,2410,1/29/2022
760452,152689,Yes,312,1560,780,10/09/2022
761312,152689,No,762,3810,1905,11/13/2022
761648,985245,Yes,219,1095,547.5,05/02/2022
763509,325698,Yes,354,1770,885,6/25/2022
764671,325698,No,502,2510,1255,04/10/2022
764877,325698,Yes,57,285,142.5,09/10/2022
766032,152689,Yes,859,4295,2147.5,7/14/2022
766214,785432,Yes,718,3590,1795,12/03/2022
770586,152689,No,666,3330,1665,12/21/2022
772141,985245,No,260,1300,650,7/28/2022
772376,152689,No,73,365,182.5,02/07/2022
773198,152689,Yes,103,515,257.5,1/28/2022
773401,152689,No,329,1645,822.5,11/14/2022
773501,785432,Yes,668,3340,1670,6/21/2022
775735,325698,No,506,2530,1265,5/13/2022
776017,785432,Yes,343,1715,857.5,07/05/2022
777935,152689,No,237,1185,592.5,3/24/2022
778086,452584,Yes,557,2785,1392.5,4/17/2022
778271,452584,No,898,4490,2245,5/23/2022
779652,785432,No,251,1255,627.5,12/07/2022
780102,325698,Yes,229,1145,572.5,9/18/2022
780929,325698,Yes,172,860,430,7/16/2022
784781,152689,Yes,255,1275,637.5,10/30/2022
784877,325698,Yes,597,2985,1492.5,10/31/2022
785079,452584,Yes,507,2535,1267.5,06/12/2022
785718,785432,No,614,3070,1535,05/03/2022
785812,325698,Yes,727,3635,1817.5,5/21/2022
785836,325698,No,407,2035,1017.5,09/05/2022
785975,325698,Yes,960,4800,2400,11/21/2022
786939,152689,Yes,360,1800,900,2/16/2022
787717,152689,No,616,3080,1540,10/31/2022
787748,985245,Yes,707,3535,1767.5,6/22/2022
791457,785432,Yes,566,2830,1415,3/28/2022
791558,325698,No,120,600,300,05/05/2022
792917,985245,No,891,4455,2227.5,08/05/2022
793523,325698,Yes,738,3690,1845,10/20/2022
796665,152689,No,344,1720,860,10/23/2022
797336,325698,Yes,269,1345,672.5,10/14/2022
797836,325698,Yes,229,1145,572.5,10/21/2022
797912,152689,No,229,1145,572.5,1/23/2022
798613,985245,No,88,440,220,06/05/2022
799315,325698,No,185,925,462.5,01/09/2022
799706,325698,No,280,1400,700,11/30/2022
799819,985245,No,752,3760,1880,5/16/2022
800930,152689,No,123,615,307.5,12/20/2022
802648,785432,No,485,2425,1212.5,11/08/2022
802763,452584,Yes,90,450,225,04/07/2022
804600,785432,Yes,597,2985,1492.5,2/16/2022
805493,452584,Yes,734,3670,1835,10/03/2022
806311,785432,Yes,999,4995,2497.5,06/03/2022
807735,152689,No,957,4785,2392.5,10/23/2022
808169,325698,No,406,2030,1015,4/27/2022
809039,325698,Yes,180,900,450,03/06/2022
809054,785432,No,887,4435,2217.5,02/09/2022
810987,325698,No,376,1880,940,09/03/2022
811570,985245,No,584,2920,1460,2/23/2022
812247,985245,No,349,1745,872.5,02/09/2022
814196,152689,No,55,275,137.5,7/27/2022
814511,152689,Yes,419,2095,1047.5,12/24/2022
814687,785432,Yes,557,2785,1392.5,01/04/2022
816144,152689,Yes,632,3160,1580,7/24/2022
817852,325698,No,391,1955,977.5,1/16/2022
818304,985245,No,160,800,400,7/19/2022
818603,152689,Yes,157,785,392.5,02/02/2022
819483,452584,No,606,3030,1515,05/04/2022
819765,785432,No,966,4830,2415,03/06/2022
820803,152689,Yes,461,2305,1152.5,8/23/2022
821318,985245,Yes,528,2640,1320,4/19/2022
822001,152689,Yes,635,3175,1587.5,02/01/2022
822119,325698,Yes,207,1035,517.5,8/20/2022
822138,325698,No,766,3830,1915,12/20/2022
822320,985245,No,486,2430,1215,6/28/2022
823492,985245,Yes,176,880,440,09/03/2022
825404,152689,Yes,935,4675,2337.5,07/04/2022
825480,452584,Yes,82,410,205,06/07/2022
825947,985245,No,903,4515,2257.5,10/05/2022
827374,785432,No,613,3065,1532.5,8/19/2022
828919,325698,Yes,880,4400,2200,5/31/2022
829431,985245,Yes,245,1225,612.5,10/21/2022
829605,985245,No,539,2695,1347.5,5/14/2022
829955,152689,Yes,364,1820,910,01/03/2022
830086,325698,Yes,483,2415,1207.5,05/09/2022
830322,325698,No,564,2820,1410,8/20/2022
830918,152689,No,117,585,292.5,6/17/2022
831203,785432,Yes,379,1895,947.5,06/09/2022
831213,325698,No,378,1890,945,03/01/2022
831452,152689,Yes,116,580,290,02/03/2022
833154,152689,No,766,3830,1915,1/28/2022
833785,325698,Yes,641,3205,1602.5,6/19/2022
833985,152689,Yes,393,1965,982.5,02/11/2022
834077,325698,No,661,3305,1652.5,1/26/2022
834381,985245,No,174,870,435,3/26/2022
835654,325698,Yes,747,3735,1867.5,12/15/2022
836079,152689,No,234,1170,585,07/10/2022
836721,985245,No,476,2380,1190,9/17/2022
836866,325698,No,785,3925,1962.5,7/21/2022
840033,325698,Yes,428,2140,1070,10/10/2022
841857,785432,No,595,2975,1487.5,4/29/2022
841929,785432,No,774,3870,1935,9/24/2022
842879,152689,Yes,669,3345,1672.5,12/25/2022
842981,325698,Yes,77,385,192.5,11/04/2022
844227,785432,Yes,548,2740,1370,6/19/2022
845342,985245,Yes,922,4610,2305,10/24/2022
845397,785432,No,891,4455,2227.5,9/26/2022
846927,785432,No,116,580,290,06/08/2022
848220,152689,Yes,318,1590,795,12/03/2022
850528,985245,No,219,1095,547.5,11/17/2022
850863,152689,No,868,4340,2170,01/05/2022
852408,152689,No,301,1505,752.5,5/19/2022
853845,985245,No,946,4730,2365,9/28/2022
854637,152689,No,682,3410,1705,08/05/2022
854710,785432,Yes,538,2690,1345,7/31/2022
855938,152689,No,339,1695,847.5,5/16/2022
855953,785432,No,788,3940,1970,06/12/2022
856233,785432,No,401,2005,1002.5,1/16/2022
856680,152689,Yes,215,1075,537.5,5/13/2022
856914,325698,No,815,4075,2037.5,11/17/2022
857040,985245,Yes,361,1805,902.5,09/10/2022
857263,452584,No,713,3565,1782.5,3/30/2022
858325,985245,Yes,778,3890,1945,8/30/2022
860579,325698,Yes,770,3850,1925,8/28/2022
863137,325698,No,243,1215,607.5,09/01/2022
863178,325698,Yes,404,2020,1010,02/06/2022
863398,785432,Yes,369,1845,922.5,10/11/2022
865382,985245,No,600,3000,1500,6/25/2022
866928,785432,No,557,2785,1392.5,7/22/2022
868785,785432,No,135,675,337.5,1/13/2022
869611,152689,No,758,3790,1895,9/15/2022
870893,785432,No,512,2560,1280,9/28/2022
872821,785432,No,614,3070,1535,9/21/2022
873266,325698,Yes,830,4150,2075,8/19/2022
873488,985245,Yes,697,3485,1742.5,11/17/2022
873798,785432,No,294,1470,735,08/02/2022
874147,152689,Yes,352,1760,880,02/09/2022
877439,985245,Yes,702,3510,1755,04/06/2022
881201,152689,Yes,238,1190,595,1/14/2022
881725,325698,No,186,930,465,5/16/2022
883339,985245,Yes,550,2750,1375,06/12/2022
884132,785432,Yes,543,2715,1357.5,09/03/2022
884365,152689,Yes,251,1255,627.5,11/10/2022
885887,985245,Yes,493,2465,1232.5,09/10/2022
886736,325698,No,891,4455,2227.5,07/03/2022
888610,785432,No,817,4085,2042.5,08/01/2022
888831,152689,Yes,546,2730,1365,8/17/2022
889094,785432,No,233,1165,582.5,3/23/2022
889235,785432,Yes,483,2415,1207.5,03/03/2022
889527,325698,Yes,692,3460,1730,12/06/2022
889980,785432,No,563,2815,1407.5,4/22/2022
890797,985245,Yes,196,980,490,11/01/2022
891936,325698,Yes,960,4800,2400,4/20/2022
893213,152689,Yes,627,3135,1567.5,06/12/2022
894053,325698,Yes,844,4220,2110,02/08/2022
895040,325698,Yes,900,4500,2250,1/29/2022
895363,325698,No,241,1205,602.5,4/29/2022
899744,325698,No,580,2900,1450,02/12/2022
900019,785432,Yes,328,1640,820,12/04/2022
903135,985245,No,479,2395,1197.5,06/07/2022
904112,452584,Yes,752,3760,1880,12/15/2022
904579,325698,No,776,3880,1940,02/05/2022
905098,152689,Yes,504,2520,1260,7/13/2022
906635,325698,No,336,1680,840,2/19/2022
906662,325698,No,642,3210,1605,04/06/2022
908116,785432,No,87,435,217.5,11/30/2022
911653,985245,Yes,418,2090,1045,10/08/2022
911721,785432,No,640,3200,1600,6/30/2022
913016,785432,No,235,1175,587.5,3/17/2022
913059,785432,Yes,101,505,252.5,07/05/2022
915290,785432,No,273,1365,682.5,04/09/2022
916823,985245,Yes,672,3360,1680,2/15/2022
916859,452584,No,616,3080,1540,10/10/2022
916864,985245,Yes,92,460,230,5/16/2022
917373,325698,No,81,405,202.5,12/19/2022
917642,985245,Yes,959,4795,2397.5,06/12/2022
917798,985245,No,600,3000,1500,10/10/2022
918689,152689,No,605,3025,1512.5,2/26/2022
919521,325698,Yes,409,2045,1022.5,02/09/2022
919956,985245,No,775,3875,1937.5,10/26/2022
920481,325698,Yes,56,280,140,5/25/2022
920874,325698,No,758,3790,1895,12/22/2022
921476,985245,No,402,2010,1005,8/29/2022
924244,152689,Yes,704,3520,1760,8/13/2022
924736,325698,No,501,2505,1252.5,5/21/2022
925060,152689,Yes,833,4165,2082.5,5/31/2022
925471,985245,Yes,932,4660,2330,12/22/2022
927604,152689,No,615,3075,1537.5,09/04/2022
927686,152689,No,314,1570,785,9/16/2022
928573,152689,Yes,98,490,245,03/06/2022
928963,325698,Yes,101,505,252.5,09/02/2022
930362,325698,No,510,2550,1275,2/22/2022
930465,785432,No,835,4175,2087.5,10/21/2022
930579,152689,Yes,524,2620,1310,3/18/2022
930963,985245,Yes,372,1860,930,11/14/2022
931747,152689,Yes,486,2430,1215,11/24/2022
932126,785432,No,251,1255,627.5,1/17/2022
933038,325698,No,593,2965,1482.5,12/16/2022
933378,785432,No,981,4905,2452.5,06/02/2022
933431,152689,Yes,915,4575,2287.5,1/26/2022
933874,152689,Yes,252,1260,630,04/03/2022
936713,785432,No,628,3140,1570,6/17/2022
938396,325698,Yes,693,3465,1732.5,7/13/2022
939561,985245,Yes,195,975,487.5,1/27/2022
939970,325698,Yes,711,3555,1777.5,01/03/2022
942899,325698,Yes,696,3480,1740,2/18/2022
943508,785432,Yes,299,1495,747.5,11/19/2022
944138,985245,No,784,3920,1960,8/31/2022
945675,785432,Yes,216,1080,540,09/09/2022
946559,152689,Yes,759,3795,1897.5,7/19/2022
948938,152689,No,771,3855,1927.5,2/22/2022
949248,785432,Yes,646,3230,1615,11/22/2022
949751,325698,No,749,3745,1872.5,02/03/2022
951167,985245,Yes,855,4275,2137.5,02/08/2022
953387,325698,Yes,97,485,242.5,10/24/2022
953703,985245,Yes,463,2315,1157.5,02/04/2022
954388,985245,Yes,552,2760,1380,06/11/2022
954406,785432,Yes,326,1630,815,02/01/2022
954686,152689,No,141,705,352.5,7/24/2022
954927,325698,No,290,1450,725,5/25/2022
955657,152689,No,339,1695,847.5,9/21/2022
955766,325698,Yes,341,1705,852.5,01/01/2022
957656,985245,Yes,146,730,365,05/12/2022
957938,452584,No,306,1530,765,02/02/2022
958580,325698,Yes,308,1540,770,11/03/2022
960225,325698,Yes,670,3350,1675,4/22/2022
960707,152689,Yes,981,4905,2452.5,10/10/2022
961074,152689,No,756,3780,1890,07/07/2022
961134,325698,No,925,4625,2312.5,10/31/2022
962453,152689,Yes,607,3035,1517.5,3/16/2022
962845,325698,Yes,328,1640,820,6/26/2022
963540,785432,Yes,910,4550,2275,06/04/2022
963575,985245,No,971,4855,2427.5,3/26/2022
963819,325698,No,206,1030,515,09/09/2022
964981,325698,No,740,3700,1850,06/09/2022
965243,985245,Yes,113,565,282.5,07/05/2022
967450,985245,No,217,1085,542.5,4/27/2022
969191,325698,No,989,4945,2472.5,06/05/2022
972601,325698,No,249,1245,622.5,9/30/2022
975668,985245,No,115,575,287.5,03/01/2022
976135,152689,No,274,1370,685,9/28/2022
976219,785432,Yes,377,1885,942.5,12/25/2022
976354,985245,Yes,227,1135,567.5,12/08/2022
977423,985245,Yes,776,3880,1940,04/04/2022
977809,152689,Yes,495,2475,1237.5,11/14/2022
979510,785432,Yes,313,1565,782.5,10/23/2022
980342,785432,Yes,969,4845,2422.5,7/26/2022
980642,985245,No,997,4985,2492.5,3/26/2022
981103,785432,Yes,501,2505,1252.5,5/24/2022
982008,152689,No,854,4270,2135,5/30/2022
982664,985245,Yes,484,2420,1210,12/15/2022
982745,325698,No,861,4305,2152.5,12/09/2022
985401,325698,Yes,635,3175,1587.5,12/16/2022
988846,325698,No,966,4830,2415,08/10/2022
989761,152689,No,660,3300,1650,11/02/2022
991353,985245,Yes,771,3855,1927.5,4/28/2022
992770,325698,Yes,745,3725,1862.5,3/27/2022
993331,452584,Yes,767,3835,1917.5,6/28/2022
993663,985245,No,392,1960,980,9/21/2022
994136,325698,No,493,2465,1232.5,10/09/2022
994850,785432,No,355,1775,887.5,7/17/2022
996504,152689,Yes,714,3570,1785,1/30/2022
998193,152689,No,641,3205,1602.5,3/13/2022
100083,152689,Yes,178, $890.00 , $445.00 ,11/07/2021
101344,785432,No,186, $930.00 , $465.00 ,11/13/2021
106052,325698,Yes,482," $2,410.00 "," $1,205.00 ",2/19/2021
107134,985245,No,549," $2,745.00 "," $1,372.50 ",03/06/2021
107564,985245,No,326," $1,630.00 ", $815.00 ,11/25/2021
108204,452584,No,453," $2,265.00 "," $1,132.50 ",03/02/2021
108339,325698,No,400," $2,000.00 "," $1,000.00 ",9/21/2021
109095,985245,Yes,203," $1,015.00 ", $507.50 ,06/04/2021
109588,985245,No,235," $1,175.00 ", $587.50 ,1/21/2021
110471,785432,No,309," $1,545.00 ", $772.50 ,01/03/2021
110564,325698,No,922," $4,610.00 "," $2,305.00 ",5/18/2021
113782,152689,No,862," $4,310.00 "," $2,155.00 ",11/24/2021
114994,985245,Yes,298," $1,490.00 ", $745.00 ,5/14/2021
116991,152689,No,107, $535.00 , $267.50 ,03/11/2021
117021,785432,Yes,90, $450.00 , $225.00 ,9/22/2021
117112,152689,No,662," $3,310.00 "," $1,655.00 ",9/25/2021
118714,785432,Yes,525," $2,625.00 "," $1,312.50 ",9/25/2021
118901,985245,Yes,746," $3,730.00 "," $1,865.00 ",12/05/2021
119907,985245,No,545," $2,725.00 "," $1,362.50 ",7/28/2021
120003,152689,Yes,828," $4,140.00 "," $2,070.00 ",11/26/2021
122744,152689,Yes,382," $1,910.00 ", $955.00 ,09/04/2021
123392,325698,Yes,219," $1,095.00 ", $547.50 ,5/16/2021
124833,325698,No,279," $1,395.00 ", $697.50 ,09/07/2021
125229,152689,No,938," $4,690.00 "," $2,345.00 ",06/10/2021
125379,325698,Yes,584," $2,920.00 "," $1,460.00 ",04/03/2021
126655,325698,Yes,946," $4,730.00 "," $2,365.00 ",8/20/2021
126686,325698,No,498," $2,490.00 "," $1,245.00 ",02/02/2021
126862,325698,No,263," $1,315.00 ", $657.50 ,4/29/2021
126942,325698,Yes,896," $4,480.00 "," $2,240.00 ",5/13/2021
127751,785432,No,643," $3,215.00 "," $1,607.50 ",7/20/2021
128238,325698,No,252," $1,260.00 ", $630.00 ,6/25/2021
128308,785432,Yes,987," $4,935.00 "," $2,467.50 ",05/06/2021
129240,152689,Yes,998," $4,990.00 "," $2,495.00 ",4/26/2021
129296,152689,Yes,870," $4,350.00 "," $2,175.00 ",5/19/2021
129824,325698,Yes,775," $3,875.00 "," $1,937.50 ",01/04/2021
131818,785432,Yes,880," $4,400.00 "," $2,200.00 ",11/17/2021
131853,985245,Yes,668," $3,340.00 "," $1,670.00 ",11/28/2021
132503,985245,No,777," $3,885.00 "," $1,942.50 ",4/22/2021
133102,152689,Yes,330," $1,650.00 ", $825.00 ,10/08/2021
133438,985245,Yes,695," $3,475.00 "," $1,737.50 ",4/19/2021
134853,325698,No,690," $3,450.00 "," $1,725.00 ",9/24/2021
135650,985245,Yes,346," $1,730.00 ", $865.00 ,4/24/2021
135985,325698,Yes,308," $1,540.00 ", $770.00 ,3/20/2021
136405,452584,No,744," $3,720.00 "," $1,860.00 ",12/15/2021
136953,152689,Yes,167, $835.00 , $417.50 ,2/15/2021
138135,985245,Yes,263," $1,315.00 ", $657.50 ,05/05/2021
138922,985245,No,664," $3,320.00 "," $1,660.00 ",01/03/2021
140000,785432,No,977," $4,885.00 "," $2,442.50 ",6/29/2021
140095,452584,Yes,661," $3,305.00 "," $1,652.50 ",01/01/2021
140130,985245,Yes,650," $3,250.00 "," $1,625.00 ",05/08/2021
140406,325698,Yes,781," $3,905.00 "," $1,952.50 ",6/16/2021
140568,985245,Yes,768," $3,840.00 "," $1,920.00 ",04/11/2021
143151,152689,Yes,422," $2,110.00 "," $1,055.00 ",08/07/2021
143964,452584,Yes,681," $3,405.00 "," $1,702.50 ",7/19/2021
144287,325698,No,791," $3,955.00 "," $1,977.50 ",7/17/2021
145523,152689,Yes,700," $3,500.00 "," $1,750.00 ",06/06/2021
147226,785432,Yes,611," $3,055.00 "," $1,527.50 ",4/16/2021
149873,152689,No,851," $4,255.00 "," $2,127.50 ",06/10/2021
150237,325698,Yes,425," $2,125.00 "," $1,062.50 ",5/28/2021
152616,985245,Yes,606," $3,030.00 "," $1,515.00 ",11/20/2021
152643,452584,Yes,847," $4,235.00 "," $2,117.50 ",7/13/2021
153486,985245,No,271," $1,355.00 ", $677.50 ,2/21/2021
153776,152689,Yes,626," $3,130.00 "," $1,565.00 ",3/31/2021
154833,785432,Yes,309," $1,545.00 ", $772.50 ,7/15/2021
155922,985245,No,564," $2,820.00 "," $1,410.00 ",12/13/2021
156934,452584,Yes,602," $3,010.00 "," $1,505.00 ",12/26/2021
159152,152689,No,767," $3,835.00 "," $1,917.50 ",12/02/2021
159913,985245,No,836," $4,180.00 "," $2,090.00 ",8/28/2021
164109,325698,No,327," $1,635.00 ", $817.50 ,5/29/2021
164458,985245,Yes,534," $2,670.00 "," $1,335.00 ",09/08/2021
165851,152689,No,931," $4,655.00 "," $2,327.50 ",8/23/2021
167996,325698,Yes,871," $4,355.00 "," $2,177.50 ",4/28/2021
169679,325698,Yes,985," $4,925.00 "," $2,462.50 ",01/09/2021
172615,985245,No,632," $3,160.00 "," $1,580.00 ",12/21/2021
173380,325698,Yes,197, $985.00 , $492.50 ,12/07/2021
175927,152689,No,720," $3,600.00 "," $1,800.00 ",5/13/2021
175961,152689,No,485," $2,425.00 "," $1,212.50 ",1/30/2021
179278,325698,Yes,945," $4,725.00 "," $2,362.50 ",07/07/2021
182741,325698,Yes,751," $3,755.00 "," $1,877.50 ",02/03/2021
183463,985245,Yes,318," $1,590.00 ", $795.00 ,11/03/2021
184979,785432,Yes,512," $2,560.00 "," $1,280.00 ",1/15/2021
185178,985245,No,899," $4,495.00 "," $2,247.50 ",01/10/2021
186779,325698,No,449," $2,245.00 "," $1,122.50 ",4/27/2021
189173,985245,No,564," $2,820.00 "," $1,410.00 ",12/12/2021
191118,325698,Yes,91, $455.00 , $227.50 ,09/05/2021
191249,325698,No,246," $1,230.00 ", $615.00 ,12/15/2021
193164,152689,Yes,650," $3,250.00 "," $1,625.00 ",9/15/2021
193575,152689,Yes,497," $2,485.00 "," $1,242.50 ",3/29/2021
193804,152689,No,678," $3,390.00 "," $1,695.00 ",3/19/2021
196123,152689,Yes,732," $3,660.00 "," $1,830.00 ",11/06/2021
196451,152689,No,530," $2,650.00 "," $1,325.00 ",11/13/2021
199310,152689,Yes,724," $3,620.00 "," $1,810.00 ",1/30/2021
201583,985245,No,373," $1,865.00 ", $932.50 ,10/14/2021
201852,152689,No,591," $2,955.00 "," $1,477.50 ",3/21/2021
202893,152689,No,259," $1,295.00 ", $647.50 ,07/05/2021
204757,325698,Yes,584," $2,920.00 "," $1,460.00 ",7/16/2021
205487,985245,Yes,839," $4,195.00 "," $2,097.50 ",11/15/2021
206568,785432,No,190, $950.00 , $475.00 ,7/23/2021
206703,152689,Yes,888," $4,440.00 "," $2,220.00 ",12/17/2021
209061,152689,Yes,324," $1,620.00 ", $810.00 ,7/27/2021
209415,985245,No,155, $775.00 , $387.50 ,08/12/2021
212502,325698,No,154, $770.00 , $385.00 ,9/21/2021
213386,325698,No,55, $275.00 , $137.50 ,12/09/2021
214620,325698,Yes,248," $1,240.00 ", $620.00 ,11/05/2021
214905,152689,No,68, $340.00 , $170.00 ,6/30/2021
216081,152689,No,707," $3,535.00 "," $1,767.50 ",06/05/2021
219369,985245,Yes,83, $415.00 , $207.50 ,12/27/2021
220619,985245,Yes,224," $1,120.00 ", $560.00 ,6/19/2021
220624,152689,No,572," $2,860.00 "," $1,430.00 ",4/21/2021
220675,325698,No,879," $4,395.00 "," $2,197.50 ",07/10/2021
221217,152689,Yes,265," $1,325.00 ", $662.50 ,01/10/2021
223355,325698,No,936," $4,680.00 "," $2,340.00 ",3/14/2021
224916,785432,Yes,632," $3,160.00 "," $1,580.00 ",05/10/2021
225242,452584,Yes,576," $2,880.00 "," $1,440.00 ",4/18/2021
225413,152689,No,805," $4,025.00 "," $2,012.50 ",8/17/2021
226144,985245,Yes,341," $1,705.00 ", $852.50 ,11/16/2021
229143,152689,No,763," $3,815.00 "," $1,907.50 ",01/01/2021
232442,785432,No,330," $1,650.00 ", $825.00 ,8/15/2021
233104,985245,No,616," $3,080.00 "," $1,540.00 ",10/20/2021
235332,325698,Yes,428," $2,140.00 "," $1,070.00 ",08/07/2021
236830,152689,No,964," $4,820.00 "," $2,410.00 ",7/17/2021
240025,325698,Yes,172, $860.00 , $430.00 ,08/12/2021
241649,152689,Yes,687," $3,435.00 "," $1,717.50 ",12/18/2021
241756,785432,Yes,527," $2,635.00 "," $1,317.50 ",1/26/2021
243275,452584,Yes,60, $300.00 , $150.00 ,10/03/2021
244489,785432,Yes,545," $2,725.00 "," $1,362.50 ",4/26/2021
244749,152689,Yes,497," $2,485.00 "," $1,242.50 ",5/26/2021
244795,785432,Yes,354," $1,770.00 ", $885.00 ,3/15/2021
245347,152689,No,900," $4,500.00 "," $2,250.00 ",10/16/2021
246176,325698,Yes,844," $4,220.00 "," $2,110.00 ",07/05/2021
246491,152689,Yes,909," $4,545.00 "," $2,272.50 ",8/29/2021
248116,452584,Yes,989," $4,945.00 "," $2,472.50 ",7/26/2021
248814,985245,No,662," $3,310.00 "," $1,655.00 ",9/30/2021
249397,785432,No,869," $4,345.00 "," $2,172.50 ",10/07/2021
249683,985245,No,107, $535.00 , $267.50 ,10/25/2021
252802,325698,No,177, $885.00 , $442.50 ,04/02/2021
253253,325698,No,157, $785.00 , $392.50 ,5/27/2021
254587,325698,Yes,160, $800.00 , $400.00 ,03/07/2021
256436,152689,Yes,806," $4,030.00 "," $2,015.00 ",7/20/2021
257370,152689,No,985," $4,925.00 "," $2,462.50 ",8/28/2021
261156,452584,No,189, $945.00 , $472.50 ,9/22/2021
261976,985245,No,517," $2,585.00 "," $1,292.50 ",04/09/2021
262517,785432,Yes,738," $3,690.00 "," $1,845.00 ",12/07/2021
263179,325698,No,372," $1,860.00 ", $930.00 ,7/22/2021
264143,452584,No,866," $4,330.00 "," $2,165.00 ",07/10/2021
265266,325698,No,969," $4,845.00 "," $2,422.50 ",6/21/2021
272634,152689,Yes,186, $930.00 , $465.00 ,4/25/2021
272792,985245,Yes,588," $2,940.00 "," $1,470.00 ",12/12/2021
275281,985245,Yes,282," $1,410.00 ", $705.00 ,9/17/2021
275726,325698,Yes,777," $3,885.00 "," $1,942.50 ",11/23/2021
275765,152689,No,212," $1,060.00 ", $530.00 ,9/20/2021
276904,985245,Yes,51, $255.00 , $127.50 ,7/27/2021
276942,152689,Yes,168, $840.00 , $420.00 ,12/08/2021
277170,325698,No,243," $1,215.00 ", $607.50 ,12/06/2021
278043,785432,No,497," $2,485.00 "," $1,242.50 ",12/29/2021
278638,985245,Yes,895," $4,475.00 "," $2,237.50 ",4/17/2021
278993,785432,No,867," $4,335.00 "," $2,167.50 ",10/18/2021
279949,985245,Yes,902," $4,510.00 "," $2,255.00 ",06/12/2021
280061,325698,Yes,552," $2,760.00 "," $1,380.00 ",10/31/2021
281561,325698,No,133, $665.00 , $332.50 ,6/22/2021
283666,985245,Yes,819," $4,095.00 "," $2,047.50 ",11/01/2021
284578,785432,No,102, $510.00 , $255.00 ,5/13/2021
284664,325698,Yes,799," $3,995.00 "," $1,997.50 ",4/26/2021
285862,985245,Yes,369," $1,845.00 ", $922.50 ,10/17/2021
286172,985245,Yes,86, $430.00 , $215.00 ,10/19/2021
286892,985245,No,176, $880.00 , $440.00 ,10/02/2021
287069,985245,No,949," $4,745.00 "," $2,372.50 ",04/03/2021
287383,325698,No,113, $565.00 , $282.50 ,07/12/2021
290830,985245,Yes,365," $1,825.00 ", $912.50 ,12/11/2021
292969,785432,No,870," $4,350.00 "," $2,175.00 ",5/14/2021
293571,152689,Yes,570," $2,850.00 "," $1,425.00 ",10/14/2021
296702,325698,No,939," $4,695.00 "," $2,347.50 ",9/29/2021
297357,785432,No,928," $4,640.00 "," $2,320.00 ",5/13/2021
297462,985245,Yes,669," $3,345.00 "," $1,672.50 ",05/10/2021
298069,985245,Yes,446," $2,230.00 "," $1,115.00 ",05/12/2021
298118,985245,Yes,482," $2,410.00 "," $1,205.00 ",4/20/2021
298345,325698,Yes,733," $3,665.00 "," $1,832.50 ",2/16/2021
298803,152689,No,543," $2,715.00 "," $1,357.50 ",12/22/2021
299057,325698,No,318," $1,590.00 ", $795.00 ,03/12/2021
299912,452584,No,426," $2,130.00 "," $1,065.00 ",03/05/2021
300690,152689,Yes,721," $3,605.00 "," $1,802.50 ",04/06/2021
301299,325698,No,495," $2,475.00 "," $1,237.50 ",01/02/2021
301328,785432,No,910," $4,550.00 "," $2,275.00 ",5/23/2021
302359,985245,Yes,369," $1,845.00 ", $922.50 ,10/11/2021
302697,785432,Yes,734," $3,670.00 "," $1,835.00 ",7/28/2021
303174,985245,No,702," $3,510.00 "," $1,755.00 ",11/06/2021
303389,785432,No,549," $2,745.00 "," $1,372.50 ",12/11/2021
304547,985245,No,323," $1,615.00 ", $807.50 ,2/19/2021
304705,785432,No,800," $4,000.00 "," $2,000.00 ",6/18/2021
305442,985245,No,419," $2,095.00 "," $1,047.50 ",8/26/2021
305880,152689,No,173, $865.00 , $432.50 ,05/05/2021
306029,152689,No,711," $3,555.00 "," $1,777.50 ",01/08/2021
308757,325698,No,130, $650.00 , $325.00 ,8/16/2021
309400,452584,No,94, $470.00 , $235.00 ,5/22/2021
311989,325698,No,108, $540.00 , $270.00 ,08/12/2021
314595,325698,No,808," $4,040.00 "," $2,020.00 ",9/21/2021
314620,325698,Yes,530," $2,650.00 "," $1,325.00 ",03/02/2021
315245,325698,Yes,186, $930.00 , $465.00 ,08/08/2021
315516,452584,No,239," $1,195.00 ", $597.50 ,02/10/2021
316453,785432,No,930," $4,650.00 "," $2,325.00 ",1/23/2021
316723,985245,Yes,955," $4,775.00 "," $2,387.50 ",7/29/2021
317414,452584,Yes,919," $4,595.00 "," $2,297.50 ",2/24/2021
319055,985245,No,610," $3,050.00 "," $1,525.00 ",7/19/2021
323420,785432,No,811," $4,055.00 "," $2,027.50 ",5/20/2021
323863,985245,Yes,463," $2,315.00 "," $1,157.50 ",01/08/2021
324416,985245,No,481," $2,405.00 "," $1,202.50 ",01/04/2021
324498,985245,No,606," $3,030.00 "," $1,515.00 ",1/18/2021
328176,985245,No,714," $3,570.00 "," $1,785.00 ",2/26/2021
329204,325698,No,797," $3,985.00 "," $1,992.50 ",4/19/2021
330783,985245,Yes,973," $4,865.00 "," $2,432.50 ",11/25/2021
331570,985245,No,310," $1,550.00 ", $775.00 ,12/18/2021
333637,985245,No,251," $1,255.00 ", $627.50 ,8/21/2021
334997,785432,No,541," $2,705.00 "," $1,352.50 ",10/13/2021
336633,785432,No,945," $4,725.00 "," $2,362.50 ",05/09/2021
336881,152689,No,766," $3,830.00 "," $1,915.00 ",10/20/2021
340755,452584,Yes,477," $2,385.00 "," $1,192.50 ",02/04/2021
341053,985245,No,840," $4,200.00 "," $2,100.00 ",3/19/2021
342451,785432,No,379," $1,895.00 ", $947.50 ,1/15/2021
345448,152689,No,370," $1,850.00 ", $925.00 ,03/11/2021
347480,325698,Yes,839," $4,195.00 "," $2,097.50 ",3/25/2021
349625,152689,No,165, $825.00 , $412.50 ,3/25/2021
350812,985245,No,354," $1,770.00 ", $885.00 ,5/13/2021
351554,985245,No,320," $1,600.00 ", $800.00 ,11/05/2021
351645,325698,Yes,351," $1,755.00 ", $877.50 ,5/29/2021
352924,785432,Yes,641," $3,205.00 "," $1,602.50 ",2/23/2021
356954,325698,No,638," $3,190.00 "," $1,595.00 ",11/06/2021
358525,985245,Yes,252," $1,260.00 ", $630.00 ,04/05/2021
358881,785432,No,478," $2,390.00 "," $1,195.00 ",3/19/2021
360628,985245,No,106, $530.00 , $265.00 ,10/25/2021
361490,985245,Yes,846," $4,230.00 "," $2,115.00 ",06/02/2021
362028,325698,Yes,824," $4,120.00 "," $2,060.00 ",03/01/2021
362200,325698,Yes,352," $1,760.00 ", $880.00 ,3/28/2021
362364,985245,No,502," $2,510.00 "," $1,255.00 ",11/21/2021
362441,325698,Yes,804," $4,020.00 "," $2,010.00 ",8/25/2021
364327,785432,No,483," $2,415.00 "," $1,207.50 ",08/03/2021
368063,452584,Yes,368," $1,840.00 ", $920.00 ,2/22/2021
368075,325698,No,568," $2,840.00 "," $1,420.00 ",10/05/2021
369170,325698,Yes,112, $560.00 , $280.00 ,07/11/2021
369785,325698,Yes,469," $2,345.00 "," $1,172.50 ",04/05/2021
370635,985245,No,83, $415.00 , $207.50 ,08/12/2021
370871,325698,Yes,651," $3,255.00 "," $1,627.50 ",08/02/2021
371817,985245,No,670," $3,350.00 "," $1,675.00 ",4/16/2021
372717,325698,Yes,583," $2,915.00 "," $1,457.50 ",12/04/2021
373006,985245,Yes,930," $4,650.00 "," $2,325.00 ",03/08/2021
374723,325698,No,224," $1,120.00 ", $560.00 ,12/25/2021
375428,325698,No,496," $2,480.00 "," $1,240.00 ",10/15/2021
375632,152689,No,636," $3,180.00 "," $1,590.00 ",7/23/2021
376584,325698,Yes,148, $740.00 , $370.00 ,7/19/2021
377096,452584,No,592," $2,960.00 "," $1,480.00 ",6/22/2021
380850,152689,No,73, $365.00 , $182.50 ,12/19/2021
380938,325698,Yes,602," $3,010.00 "," $1,505.00 ",06/06/2021
382370,985245,Yes,192, $960.00 , $480.00 ,11/23/2021
382466,452584,No,782," $3,910.00 "," $1,955.00 ",11/16/2021
383198,985245,No,330," $1,650.00 ", $825.00 ,11/14/2021
383522,152689,Yes,168, $840.00 , $420.00 ,2/18/2021
385184,985245,Yes,839," $4,195.00 "," $2,097.50 ",01/12/2021
386225,985245,No,831," $4,155.00 "," $2,077.50 ",09/03/2021
387621,152689,Yes,492," $2,460.00 "," $1,230.00 ",09/02/2021
388110,325698,Yes,641," $3,205.00 "," $1,602.50 ",10/30/2021
393084,985245,Yes,333," $1,665.00 ", $832.50 ,10/20/2021
395032,152689,No,55, $275.00 , $137.50 ,04/05/2021
395070,325698,Yes,943," $4,715.00 "," $2,357.50 ",9/19/2021
395126,785432,Yes,86, $430.00 , $215.00 ,11/30/2021
396120,785432,Yes,858," $4,290.00 "," $2,145.00 ",9/21/2021
396700,152689,No,782," $3,910.00 "," $1,955.00 ",10/24/2021
396702,985245,Yes,318," $1,590.00 ", $795.00 ,08/01/2021
397607,985245,No,642," $3,210.00 "," $1,605.00 ",12/28/2021
397956,325698,No,819," $4,095.00 "," $2,047.50 ",4/22/2021
398045,785432,No,243," $1,215.00 ", $607.50 ,05/04/2021
398832,325698,Yes,677," $3,385.00 "," $1,692.50 ",05/09/2021
400388,985245,No,371," $1,855.00 ", $927.50 ,08/11/2021
400637,985245,Yes,519," $2,595.00 "," $1,297.50 ",10/31/2021
403145,785432,No,472," $2,360.00 "," $1,180.00 ",02/01/2021
403403,152689,Yes,233," $1,165.00 ", $582.50 ,5/28/2021
405505,785432,Yes,895," $4,475.00 "," $2,237.50 ",12/09/2021
407100,985245,Yes,718," $3,590.00 "," $1,795.00 ",6/23/2021
410119,325698,No,159, $795.00 , $397.50 ,10/02/2021
410245,152689,Yes,521," $2,605.00 "," $1,302.50 ",1/25/2021
411170,152689,No,757," $3,785.00 "," $1,892.50 ",02/09/2021
411783,985245,No,936," $4,680.00 "," $2,340.00 ",04/03/2021
412526,325698,No,295," $1,475.00 ", $737.50 ,11/15/2021
412527,325698,Yes,609," $3,045.00 "," $1,522.50 ",01/07/2021
412865,985245,Yes,568," $2,840.00 "," $1,420.00 ",09/04/2021
413302,325698,Yes,989," $4,945.00 "," $2,472.50 ",7/13/2021
415107,452584,No,727," $3,635.00 "," $1,817.50 ",6/16/2021
415315,985245,No,340," $1,700.00 ", $850.00 ,02/01/2021
416364,325698,Yes,838," $4,190.00 "," $2,095.00 ",2/14/2021
417405,325698,Yes,101, $505.00 , $252.50 ,12/01/2021
417647,152689,Yes,727," $3,635.00 "," $1,817.50 ",07/06/2021
418129,985245,Yes,612," $3,060.00 "," $1,530.00 ",09/09/2021
418700,985245,No,963," $4,815.00 "," $2,407.50 ",5/20/2021
419903,325698,No,995," $4,975.00 "," $2,487.50 ",06/04/2021
420196,785432,Yes,797," $3,985.00 "," $1,992.50 ",02/08/2021
421985,152689,No,281," $1,405.00 ", $702.50 ,8/24/2021
422603,785432,No,862," $4,310.00 "," $2,155.00 ",12/08/2021
422605,325698,No,874," $4,370.00 "," $2,185.00 ",12/27/2021
423318,785432,Yes,702," $3,510.00 "," $1,755.00 ",5/18/2021
424069,985245,Yes,305," $1,525.00 ", $762.50 ,1/17/2021
424485,152689,No,204," $1,020.00 ", $510.00 ,2/26/2021
426393,452584,No,966," $4,830.00 "," $2,415.00 ",10/05/2021
427576,152689,Yes,878," $4,390.00 "," $2,195.00 ",1/30/2021
427615,785432,No,764," $3,820.00 "," $1,910.00 ",8/16/2021
428938,152689,Yes,729," $3,645.00 "," $1,822.50 ",10/07/2021
429061,985245,No,873," $4,365.00 "," $2,182.50 ",1/25/2021
429903,152689,No,408," $2,040.00 "," $1,020.00 ",1/16/2021
431445,452584,Yes,206," $1,030.00 ", $515.00 ,1/15/2021
435407,152689,Yes,459," $2,295.00 "," $1,147.50 ",09/07/2021
436362,152689,No,671," $3,355.00 "," $1,677.50 ",08/11/2021
437832,152689,No,456," $2,280.00 "," $1,140.00 ",03/05/2021
438979,325698,Yes,719," $3,595.00 "," $1,797.50 ",07/10/2021
439353,785432,No,190, $950.00 , $475.00 ,11/15/2021
439660,325698,No,414," $2,070.00 "," $1,035.00 ",3/30/2021
440125,325698,No,56, $280.00 , $140.00 ,12/22/2021
442381,325698,Yes,712," $3,560.00 "," $1,780.00 ",09/02/2021
442446,325698,Yes,84, $420.00 , $210.00 ,11/09/2021
443099,152689,No,739," $3,695.00 "," $1,847.50 ",8/27/2021
443679,325698,Yes,609," $3,045.00 "," $1,522.50 ",01/12/2021
443749,152689,No,500," $2,500.00 "," $1,250.00 ",10/30/2021
443768,152689,Yes,234," $1,170.00 ", $585.00 ,05/09/2021
444454,785432,No,345," $1,725.00 ", $862.50 ,3/27/2021
445269,152689,No,286," $1,430.00 ", $715.00 ,11/27/2021
446955,325698,No,530," $2,650.00 "," $1,325.00 ",11/26/2021
449045,325698,No,548," $2,740.00 "," $1,370.00 ",7/27/2021
450196,785432,Yes,803," $4,015.00 "," $2,007.50 ",09/11/2021
452675,985245,Yes,999," $4,995.00 "," $2,497.50 ",2/23/2021
453292,152689,No,557," $2,785.00 "," $1,392.50 ",11/02/2021
454663,152689,Yes,507," $2,535.00 "," $1,267.50 ",03/01/2021
455328,152689,No,497," $2,485.00 "," $1,242.50 ",2/26/2021
457134,325698,No,110, $550.00 , $275.00 ,1/24/2021
457689,985245,Yes,799," $3,995.00 "," $1,997.50 ",1/15/2021
460840,152689,No,325," $1,625.00 ", $812.50 ,2/21/2021
461601,325698,No,708," $3,540.00 "," $1,770.00 ",10/31/2021
461852,985245,No,888," $4,440.00 "," $2,220.00 ",9/22/2021
462489,985245,No,969," $4,845.00 "," $2,422.50 ",9/28/2021
462668,152689,Yes,231," $1,155.00 ", $577.50 ,05/06/2021
462729,452584,Yes,609," $3,045.00 "," $1,522.50 ",9/26/2021
463257,325698,Yes,450," $2,250.00 "," $1,125.00 ",9/23/2021
464230,152689,Yes,901," $4,505.00 "," $2,252.50 ",4/17/2021
465167,452584,Yes,310," $1,550.00 ", $775.00 ,08/09/2021
468431,452584,Yes,85, $425.00 , $212.50 ,4/16/2021
468785,325698,No,340," $1,700.00 ", $850.00 ,5/31/2021
468984,325698,Yes,798," $3,990.00 "," $1,995.00 ",05/08/2021
469137,325698,Yes,794," $3,970.00 "," $1,985.00 ",02/12/2021
470844,152689,Yes,351," $1,755.00 ", $877.50 ,06/02/2021
474264,152689,No,466," $2,330.00 "," $1,165.00 ",12/30/2021
475379,325698,Yes,921," $4,605.00 "," $2,302.50 ",07/10/2021
478235,152689,Yes,524," $2,620.00 "," $1,310.00 ",12/29/2021
478555,452584,No,832," $4,160.00 "," $2,080.00 ",7/13/2021
479276,785432,No,371," $1,855.00 ", $927.50 ,6/29/2021
480475,785432,Yes,357," $1,785.00 ", $892.50 ,4/22/2021
480689,152689,No,453," $2,265.00 "," $1,132.50 ",1/20/2021
480756,152689,No,92, $460.00 , $230.00 ,9/16/2021
480778,785432,Yes,794," $3,970.00 "," $1,985.00 ",4/19/2021
483418,325698,No,782," $3,910.00 "," $1,955.00 ",11/25/2021
485437,452584,No,763," $3,815.00 "," $1,907.50 ",07/12/2021
487021,785432,No,895," $4,475.00 "," $2,237.50 ",12/28/2021
487573,152689,No,680," $3,400.00 "," $1,700.00 ",8/29/2021
487829,325698,No,907," $4,535.00 "," $2,267.50 ",10/24/2021
487988,452584,No,324," $1,620.00 ", $810.00 ,10/19/2021
488358,325698,No,999," $4,995.00 "," $2,497.50 ",10/31/2021
488952,325698,Yes,710," $3,550.00 "," $1,775.00 ",05/10/2021
489679,452584,No,882," $4,410.00 "," $2,205.00 ",07/04/2021
490039,325698,Yes,550," $2,750.00 "," $1,375.00 ",02/12/2021
493567,785432,Yes,533," $2,665.00 "," $1,332.50 ",12/19/2021
493977,325698,No,547," $2,735.00 "," $1,367.50 ",2/28/2021
494699,785432,Yes,440," $2,200.00 "," $1,100.00 ",2/28/2021
494997,325698,No,846," $4,230.00 "," $2,115.00 ",10/10/2021
495674,152689,No,101, $505.00 , $252.50 ,04/08/2021
500053,785432,Yes,830," $4,150.00 "," $2,075.00 ",06/04/2021
500654,325698,No,617," $3,085.00 "," $1,542.50 ",8/29/2021
501124,152689,Yes,570," $2,850.00 "," $1,425.00 ",10/08/2021
501695,452584,No,223," $1,115.00 ", $557.50 ,3/28/2021
502280,325698,Yes,165, $825.00 , $412.50 ,9/14/2021
503373,325698,Yes,284," $1,420.00 ", $710.00 ,10/06/2021
505016,985245,No,324," $1,620.00 ", $810.00 ,8/23/2021
505315,985245,Yes,247," $1,235.00 ", $617.50 ,12/03/2021
505927,985245,No,463," $2,315.00 "," $1,157.50 ",11/22/2021
506922,325698,Yes,475," $2,375.00 "," $1,187.50 ",12/03/2021
507500,452584,Yes,638," $3,190.00 "," $1,595.00 ",09/03/2021
508614,152689,No,55, $275.00 , $137.50 ,10/30/2021
511264,152689,No,454," $2,270.00 "," $1,135.00 ",1/26/2021
511453,325698,Yes,608," $3,040.00 "," $1,520.00 ",8/23/2021
511513,152689,Yes,651," $3,255.00 "," $1,627.50 ",10/01/2021
512280,452584,No,864," $4,320.00 "," $2,160.00 ",6/30/2021
512915,152689,No,661," $3,305.00 "," $1,652.50 ",11/07/2021
514503,325698,No,142, $710.00 , $355.00 ,10/09/2021
514876,325698,Yes,718," $3,590.00 "," $1,795.00 ",11/06/2021
515746,985245,No,114, $570.00 , $285.00 ,02/06/2021
516696,325698,No,453," $2,265.00 "," $1,132.50 ",09/11/2021
517727,325698,No,703," $3,515.00 "," $1,757.50 ",7/31/2021
518284,152689,No,166, $830.00 , $415.00 ,9/19/2021
518393,152689,No,904," $4,520.00 "," $2,260.00 ",6/23/2021
519219,325698,Yes,646," $3,230.00 "," $1,615.00 ",09/04/2021
519346,785432,Yes,591," $2,955.00 "," $1,477.50 ",9/25/2021
520080,985245,Yes,188, $940.00 , $470.00 ,10/25/2021
520913,985245,Yes,629," $3,145.00 "," $1,572.50 ",11/28/2021
523124,985245,Yes,841," $4,205.00 "," $2,102.50 ",08/10/2021
523221,452584,Yes,118, $590.00 , $295.00 ,02/05/2021
525042,325698,Yes,151, $755.00 , $377.50 ,2/22/2021
525168,785432,No,654," $3,270.00 "," $1,635.00 ",7/27/2021
526282,152689,No,98, $490.00 , $245.00 ,12/11/2021
526734,152689,Yes,179, $895.00 , $447.50 ,8/16/2021
527139,152689,Yes,782," $3,910.00 "," $1,955.00 ",9/16/2021
527195,785432,No,908," $4,540.00 "," $2,270.00 ",04/10/2021
527471,152689,No,810," $4,050.00 "," $2,025.00 ",12/06/2021
528133,785432,No,85, $425.00 , $212.50 ,5/18/2021
529574,325698,Yes,898," $4,490.00 "," $2,245.00 ",08/01/2021
530286,785432,No,189, $945.00 , $472.50 ,6/17/2021
530815,985245,Yes,970," $4,850.00 "," $2,425.00 ",3/30/2021
531422,985245,No,137, $685.00 , $342.50 ,8/24/2021
531597,985245,Yes,187, $935.00 , $467.50 ,10/10/2021
532233,325698,No,639," $3,195.00 "," $1,597.50 ",07/05/2021
533316,985245,Yes,978," $4,890.00 "," $2,445.00 ",6/18/2021
533629,785432,Yes,598," $2,990.00 "," $1,495.00 ",02/11/2021
534605,152689,Yes,273," $1,365.00 ", $682.50 ,5/16/2021
534987,325698,No,338," $1,690.00 ", $845.00 ,02/02/2021
536500,325698,No,383," $1,915.00 ", $957.50 ,8/13/2021
536779,785432,No,523," $2,615.00 "," $1,307.50 ",01/05/2021
538280,785432,Yes,110, $550.00 , $275.00 ,3/19/2021
538599,152689,Yes,309," $1,545.00 ", $772.50 ,03/07/2021
539889,785432,No,134, $670.00 , $335.00 ,4/23/2021
540176,152689,No,833," $4,165.00 "," $2,082.50 ",2/28/2021
540229,985245,No,777," $3,885.00 "," $1,942.50 ",09/06/2021
540732,325698,Yes,829," $4,145.00 "," $2,072.50 ",7/23/2021
542201,152689,No,514," $2,570.00 "," $1,285.00 ",5/13/2021
542305,985245,Yes,577," $2,885.00 "," $1,442.50 ",9/21/2021
543992,325698,Yes,134, $670.00 , $335.00 ,3/16/2021
544119,452584,Yes,58, $290.00 , $145.00 ,1/23/2021
545153,325698,No,821," $4,105.00 "," $2,052.50 ",11/30/2021
546211,152689,Yes,918," $4,590.00 "," $2,295.00 ",2/23/2021
549422,152689,Yes,569," $2,845.00 "," $1,422.50 ",09/11/2021
550457,325698,Yes,713," $3,565.00 "," $1,782.50 ",7/19/2021
550504,325698,No,677," $3,385.00 "," $1,692.50 ",11/12/2021
550611,152689,No,185, $925.00 , $462.50 ,12/10/2021
550715,452584,No,111, $555.00 , $277.50 ,6/27/2021
551260,785432,No,497," $2,485.00 "," $1,242.50 ",11/14/2021
553770,985245,No,382," $1,910.00 ", $955.00 ,8/31/2021
556449,325698,No,535," $2,675.00 "," $1,337.50 ",11/05/2021
558041,152689,No,375," $1,875.00 ", $937.50 ,02/02/2021
558460,985245,Yes,777," $3,885.00 "," $1,942.50 ",6/30/2021
558569,785432,No,511," $2,555.00 "," $1,277.50 ",2/27/2021
558660,452584,No,279," $1,395.00 ", $697.50 ,3/22/2021
560683,325698,No,433," $2,165.00 "," $1,082.50 ",7/13/2021
560867,985245,No,349," $1,745.00 ", $872.50 ,02/04/2021
561194,985245,Yes,687," $3,435.00 "," $1,717.50 ",8/21/2021
561376,785432,Yes,184, $920.00 , $460.00 ,9/28/2021
561408,985245,No,419," $2,095.00 "," $1,047.50 ",7/13/2021
561733,325698,No,742," $3,710.00 "," $1,855.00 ",6/29/2021
562031,152689,No,111, $555.00 , $277.50 ,10/29/2021
562164,785432,Yes,617," $3,085.00 "," $1,542.50 ",3/31/2021
566398,325698,Yes,273," $1,365.00 ", $682.50 ,4/16/2021
567191,985245,Yes,396," $1,980.00 ", $990.00 ,2/25/2021
568184,985245,Yes,536," $2,680.00 "," $1,340.00 ",07/11/2021
568853,985245,No,749," $3,745.00 "," $1,872.50 ",01/10/2021
569517,152689,No,682," $3,410.00 "," $1,705.00 ",8/13/2021
570878,152689,Yes,195, $975.00 , $487.50 ,08/10/2021
571250,325698,Yes,240," $1,200.00 ", $600.00 ,5/14/2021
572292,325698,No,431," $2,155.00 "," $1,077.50 ",6/29/2021
572539,985245,No,84, $420.00 , $210.00 ,2/21/2021
573690,985245,Yes,760," $3,800.00 "," $1,900.00 ",12/25/2021
574487,785432,Yes,522," $2,610.00 "," $1,305.00 ",5/20/2021
580883,325698,Yes,378," $1,890.00 ", $945.00 ,2/25/2021
581098,985245,Yes,747," $3,735.00 "," $1,867.50 ",02/06/2021
581611,985245,Yes,197, $985.00 , $492.50 ,12/18/2021
582261,785432,No,571," $2,855.00 "," $1,427.50 ",08/03/2021
586620,785432,Yes,622," $3,110.00 "," $1,555.00 ",1/22/2021
587969,325698,No,903," $4,515.00 "," $2,257.50 ",8/14/2021
588807,325698,Yes,165, $825.00 , $412.50 ,01/03/2021
589088,985245,No,149, $745.00 , $372.50 ,02/12/2021
589574,985245,Yes,369," $1,845.00 ", $922.50 ,12/28/2021
590377,325698,No,993," $4,965.00 "," $2,482.50 ",11/16/2021
591352,785432,No,216," $1,080.00 ", $540.00 ,06/10/2021
592731,325698,Yes,76, $380.00 , $190.00 ,05/04/2021
593456,452584,Yes,388," $1,940.00 ", $970.00 ,08/09/2021
593604,152689,No,132, $660.00 , $330.00 ,9/18/2021
594051,152689,Yes,617," $3,085.00 "," $1,542.50 ",05/07/2021
594877,325698,Yes,93, $465.00 , $232.50 ,08/04/2021
597562,985245,No,66, $330.00 , $165.00 ,11/05/2021
600196,152689,No,119, $595.00 , $297.50 ,5/25/2021
600709,985245,Yes,423," $2,115.00 "," $1,057.50 ",3/28/2021
601247,152689,Yes,116, $580.00 , $290.00 ,1/31/2021
601956,325698,No,208," $1,040.00 ", $520.00 ,3/14/2021
602410,325698,Yes,65, $325.00 , $162.50 ,12/28/2021
603177,152689,No,373," $1,865.00 ", $932.50 ,9/14/2021
604812,452584,Yes,504," $2,520.00 "," $1,260.00 ",11/25/2021
604827,152689,No,611," $3,055.00 "," $1,527.50 ",8/26/2021
606350,452584,Yes,824," $4,120.00 "," $2,060.00 ",2/20/2021
609065,152689,No,836," $4,180.00 "," $2,090.00 ",9/16/2021
609296,325698,Yes,691," $3,455.00 "," $1,727.50 ",10/24/2021
609313,452584,No,72, $360.00 , $180.00 ,3/23/2021
610579,152689,No,307," $1,535.00 ", $767.50 ,10/25/2021
611440,325698,No,647," $3,235.00 "," $1,617.50 ",6/17/2021
612078,452584,Yes,332," $1,660.00 ", $830.00 ,11/25/2021
615971,785432,Yes,597," $2,985.00 "," $1,492.50 ",4/29/2021
616425,325698,Yes,485," $2,425.00 "," $1,212.50 ",2/26/2021
618857,985245,Yes,174, $870.00 , $435.00 ,06/08/2021
619130,785432,Yes,671," $3,355.00 "," $1,677.50 ",12/15/2021
620917,985245,Yes,412," $2,060.00 "," $1,030.00 ",4/18/2021
623258,152689,Yes,810," $4,050.00 "," $2,025.00 ",9/28/2021
624096,785432,No,583," $2,915.00 "," $1,457.50 ",6/30/2021
626052,785432,Yes,512," $2,560.00 "," $1,280.00 ",05/01/2021
627519,152689,No,764," $3,820.00 "," $1,910.00 ",12/22/2021
629058,985245,Yes,625," $3,125.00 "," $1,562.50 ",7/29/2021
631486,785432,Yes,205," $1,025.00 ", $512.50 ,3/21/2021
633399,985245,No,333," $1,665.00 ", $832.50 ,5/27/2021
633660,152689,Yes,647," $3,235.00 "," $1,617.50 ",4/27/2021
634046,325698,Yes,335," $1,675.00 ", $837.50 ,7/20/2021
634324,785432,Yes,459," $2,295.00 "," $1,147.50 ",9/28/2021
636231,152689,No,961," $4,805.00 "," $2,402.50 ",04/10/2021
637182,325698,No,250," $1,250.00 ", $625.00 ,03/09/2021
638090,325698,Yes,583," $2,915.00 "," $1,457.50 ",2/23/2021
640066,325698,Yes,72, $360.00 , $180.00 ,06/03/2021
640121,152689,No,922," $4,610.00 "," $2,305.00 ",11/22/2021
641929,452584,No,710," $3,550.00 "," $1,775.00 ",12/31/2021
642115,985245,No,105, $525.00 , $262.50 ,12/13/2021
643687,985245,Yes,315," $1,575.00 ", $787.50 ,05/02/2021
645799,325698,Yes,901," $4,505.00 "," $2,252.50 ",2/27/2021
645851,325698,No,971," $4,855.00 "," $2,427.50 ",3/18/2021
647302,785432,No,207," $1,035.00 ", $517.50 ,4/29/2021
648302,785432,Yes,734," $3,670.00 "," $1,835.00 ",10/22/2021
650765,452584,Yes,667," $3,335.00 "," $1,667.50 ",01/10/2021
654041,985245,Yes,457," $2,285.00 "," $1,142.50 ",07/07/2021
654717,985245,No,205," $1,025.00 ", $512.50 ,8/13/2021
655009,325698,No,142, $710.00 , $355.00 ,05/08/2021
655588,325698,No,583," $2,915.00 "," $1,457.50 ",2/16/2021
655938,325698,No,582," $2,910.00 "," $1,455.00 ",06/01/2021
656059,785432,Yes,713," $3,565.00 "," $1,782.50 ",3/16/2021
658035,325698,Yes,544," $2,720.00 "," $1,360.00 ",09/04/2021
659562,325698,Yes,462," $2,310.00 "," $1,155.00 ",6/30/2021
659985,985245,No,417," $2,085.00 "," $1,042.50 ",11/22/2021
661096,152689,Yes,825," $4,125.00 "," $2,062.50 ",3/23/2021
661484,985245,No,940," $4,700.00 "," $2,350.00 ",11/29/2021
661711,152689,Yes,674," $3,370.00 "," $1,685.00 ",7/28/2021
662667,152689,Yes,431," $2,155.00 "," $1,077.50 ",02/03/2021
662851,785432,No,171, $855.00 , $427.50 ,08/03/2021
663618,325698,Yes,915," $4,575.00 "," $2,287.50 ",09/10/2021
664190,985245,No,380," $1,900.00 ", $950.00 ,01/01/2021
665021,985245,Yes,911," $4,555.00 "," $2,277.50 ",5/23/2021
665991,985245,Yes,949," $4,745.00 "," $2,372.50 ",7/28/2021
666628,152689,No,336," $1,680.00 ", $840.00 ,6/29/2021
667496,152689,Yes,833," $4,165.00 "," $2,082.50 ",3/25/2021
668154,152689,Yes,404," $2,020.00 "," $1,010.00 ",9/30/2021
668385,152689,No,70, $350.00 , $175.00 ,02/11/2021
670356,325698,No,932," $4,660.00 "," $2,330.00 ",12/21/2021
670661,985245,Yes,231," $1,155.00 ", $577.50 ,09/11/2021
671486,325698,Yes,418," $2,090.00 "," $1,045.00 ",10/19/2021
672323,985245,No,506," $2,530.00 "," $1,265.00 ",10/25/2021
675620,985245,Yes,387," $1,935.00 ", $967.50 ,6/28/2021
675627,985245,Yes,882," $4,410.00 "," $2,205.00 ",7/15/2021
676961,785432,No,595," $2,975.00 "," $1,487.50 ",10/10/2021
677188,325698,Yes,797," $3,985.00 "," $1,992.50 ",9/16/2021
677647,785432,No,373," $1,865.00 ", $932.50 ,05/04/2021
678700,325698,No,290," $1,450.00 ", $725.00 ,4/23/2021
680464,985245,No,198, $990.00 , $495.00 ,6/30/2021
680509,325698,Yes,293," $1,465.00 ", $732.50 ,5/25/2021
680787,785432,Yes,385," $1,925.00 ", $962.50 ,06/03/2021
681031,152689,Yes,68, $340.00 , $170.00 ,05/08/2021
682239,785432,Yes,839," $4,195.00 "," $2,097.50 ",2/20/2021
684340,985245,No,868," $4,340.00 "," $2,170.00 ",12/30/2021
684505,785432,No,153, $765.00 , $382.50 ,5/15/2021
685588,152689,Yes,152, $760.00 , $380.00 ,06/08/2021
686427,985245,No,759," $3,795.00 "," $1,897.50 ",6/14/2021
687522,985245,No,729," $3,645.00 "," $1,822.50 ",10/07/2021
688166,785432,No,723," $3,615.00 "," $1,807.50 ",04/05/2021
689681,325698,No,566," $2,830.00 "," $1,415.00 ",8/22/2021
691278,152689,Yes,161, $805.00 , $402.50 ,7/21/2021
692578,325698,No,476," $2,380.00 "," $1,190.00 ",03/09/2021
694841,985245,No,780," $3,900.00 "," $1,950.00 ",6/27/2021
696846,785432,Yes,649," $3,245.00 "," $1,622.50 ",07/06/2021
697130,325698,No,60, $300.00 , $150.00 ,2/15/2021
698262,985245,Yes,91, $455.00 , $227.50 ,2/18/2021
698992,152689,No,168, $840.00 , $420.00 ,6/15/2021
699931,325698,Yes,725," $3,625.00 "," $1,812.50 ",10/27/2021
704557,325698,No,338," $1,690.00 ", $845.00 ,4/21/2021
705693,325698,No,737," $3,685.00 "," $1,842.50 ",6/25/2021
706671,325698,Yes,770," $3,850.00 "," $1,925.00 ",11/05/2021
708715,452584,Yes,413," $2,065.00 "," $1,032.50 ",06/10/2021
710159,985245,Yes,68, $340.00 , $170.00 ,2/24/2021
711340,985245,No,367," $1,835.00 ", $917.50 ,06/03/2021
711344,325698,No,661," $3,305.00 "," $1,652.50 ",10/15/2021
711636,152689,No,560," $2,800.00 "," $1,400.00 ",12/11/2021
713016,785432,No,495," $2,475.00 "," $1,237.50 ",11/24/2021
713172,325698,No,287," $1,435.00 ", $717.50 ,3/16/2021
714217,785432,No,346," $1,730.00 ", $865.00 ,02/09/2021
715006,452584,Yes,335," $1,675.00 ", $837.50 ,10/03/2021
715284,152689,Yes,889," $4,445.00 "," $2,222.50 ",12/25/2021
715368,152689,No,380," $1,900.00 ", $950.00 ,3/19/2021
715374,325698,No,90, $450.00 , $225.00 ,11/12/2021
715757,152689,No,200," $1,000.00 ", $500.00 ,04/10/2021
715948,785432,Yes,320," $1,600.00 ", $800.00 ,5/22/2021
716499,785432,Yes,710," $3,550.00 "," $1,775.00 ",7/14/2021
717225,152689,Yes,756," $3,780.00 "," $1,890.00 ",02/01/2021
718068,985245,Yes,471," $2,355.00 "," $1,177.50 ",05/08/2021
720134,325698,No,641," $3,205.00 "," $1,602.50 ",12/16/2021
721568,985245,No,558," $2,790.00 "," $1,395.00 ",01/10/2021
724626,985245,No,191, $955.00 , $477.50 ,11/22/2021
728310,152689,No,116, $580.00 , $290.00 ,8/15/2021
729161,325698,No,286," $1,430.00 ", $715.00 ,4/19/2021
729639,152689,No,88, $440.00 , $220.00 ,05/04/2021
731467,452584,No,874," $4,370.00 "," $2,185.00 ",10/04/2021
731859,325698,Yes,228," $1,140.00 ", $570.00 ,10/08/2021
733124,325698,No,628," $3,140.00 "," $1,570.00 ",3/23/2021
735304,985245,Yes,162, $810.00 , $405.00 ,5/31/2021
736420,785432,Yes,853," $4,265.00 "," $2,132.50 ",10/04/2021
736479,152689,Yes,645," $3,225.00 "," $1,612.50 ",07/07/2021
736561,785432,No,957," $4,785.00 "," $2,392.50 ",6/28/2021
737085,152689,Yes,88, $440.00 , $220.00 ,8/16/2021
737364,985245,Yes,452," $2,260.00 "," $1,130.00 ",05/01/2021
737402,985245,Yes,180, $900.00 , $450.00 ,04/01/2021
738057,785432,No,444," $2,220.00 "," $1,110.00 ",2/17/2021
738658,325698,No,976," $4,880.00 "," $2,440.00 ",7/14/2021
740321,325698,Yes,811," $4,055.00 "," $2,027.50 ",01/04/2021
741932,785432,Yes,788," $3,940.00 "," $1,970.00 ",9/30/2021
743717,325698,Yes,80, $400.00 , $200.00 ,5/13/2021
744485,985245,Yes,762," $3,810.00 "," $1,905.00 ",10/25/2021
747149,785432,Yes,387," $1,935.00 ", $967.50 ,11/26/2021
747754,152689,No,441," $2,205.00 "," $1,102.50 ",1/31/2021
747821,985245,Yes,893," $4,465.00 "," $2,232.50 ",3/14/2021
751001,785432,Yes,903," $4,515.00 "," $2,257.50 ",6/26/2021
751061,325698,Yes,663," $3,315.00 "," $1,657.50 ",7/27/2021
751834,325698,No,862," $4,310.00 "," $2,155.00 ",11/08/2021
753314,325698,No,915," $4,575.00 "," $2,287.50 ",08/07/2021
754289,325698,Yes,206," $1,030.00 ", $515.00 ,7/13/2021
756462,452584,Yes,778," $3,890.00 "," $1,945.00 ",10/05/2021
758277,152689,No,467," $2,335.00 "," $1,167.50 ",01/10/2021
758909,152689,No,706," $3,530.00 "," $1,765.00 ",09/07/2021
761784,785432,No,766," $3,830.00 "," $1,915.00 ",4/30/2021
764316,785432,No,307," $1,535.00 ", $767.50 ,5/26/2021
764493,325698,Yes,762," $3,810.00 "," $1,905.00 ",5/31/2021
765317,152689,Yes,646," $3,230.00 "," $1,615.00 ",03/04/2021
768451,985245,No,551," $2,755.00 "," $1,377.50 ",05/01/2021
769115,985245,No,67, $335.00 , $167.50 ,4/28/2021
776178,152689,Yes,413," $2,065.00 "," $1,032.50 ",03/09/2021
776457,325698,No,496," $2,480.00 "," $1,240.00 ",3/27/2021
777049,152689,No,791," $3,955.00 "," $1,977.50 ",10/30/2021
777308,325698,No,945," $4,725.00 "," $2,362.50 ",01/09/2021
780185,152689,Yes,515," $2,575.00 "," $1,287.50 ",01/06/2021
780523,452584,No,636," $3,180.00 "," $1,590.00 ",6/23/2021
781433,452584,No,996," $4,980.00 "," $2,490.00 ",5/25/2021
782236,325698,No,623," $3,115.00 "," $1,557.50 ",9/23/2021
783025,325698,No,992," $4,960.00 "," $2,480.00 ",09/09/2021
786485,985245,No,901," $4,505.00 "," $2,252.50 ",08/07/2021
786770,985245,No,343," $1,715.00 ", $857.50 ,12/28/2021
788470,785432,No,452," $2,260.00 "," $1,130.00 ",8/13/2021
790181,785432,Yes,788," $3,940.00 "," $1,970.00 ",02/06/2021
790375,325698,Yes,682," $3,410.00 "," $1,705.00 ",2/25/2021
792279,785432,Yes,719," $3,595.00 "," $1,797.50 ",5/20/2021
792755,785432,Yes,450," $2,250.00 "," $1,125.00 ",04/08/2021
793529,785432,No,849," $4,245.00 "," $2,122.50 ",1/30/2021
796313,152689,No,324," $1,620.00 ", $810.00 ,11/13/2021
798702,785432,No,122, $610.00 , $305.00 ,1/26/2021
799856,325698,Yes,592," $2,960.00 "," $1,480.00 ",09/10/2021
801595,785432,Yes,408," $2,040.00 "," $1,020.00 ",2/14/2021
801974,985245,Yes,491," $2,455.00 "," $1,227.50 ",03/06/2021
804517,152689,Yes,939," $4,695.00 "," $2,347.50 ",04/08/2021
804552,785432,No,916," $4,580.00 "," $2,290.00 ",09/12/2021
805458,785432,No,746," $3,730.00 "," $1,865.00 ",6/21/2021
807608,985245,No,771," $3,855.00 "," $1,927.50 ",1/26/2021
810063,152689,Yes,366," $1,830.00 ", $915.00 ,5/20/2021
812306,785432,No,81, $405.00 , $202.50 ,12/17/2021
814464,785432,Yes,710," $3,550.00 "," $1,775.00 ",11/30/2021
814843,785432,No,120, $600.00 , $300.00 ,5/23/2021
815052,985245,No,492," $2,460.00 "," $1,230.00 ",3/26/2021
815823,325698,Yes,630," $3,150.00 "," $1,575.00 ",2/24/2021
816400,985245,Yes,243," $1,215.00 ", $607.50 ,3/19/2021
816736,785432,No,653," $3,265.00 "," $1,632.50 ",11/03/2021
816919,152689,No,509," $2,545.00 "," $1,272.50 ",7/24/2021
817018,325698,No,474," $2,370.00 "," $1,185.00 ",4/16/2021
818201,985245,No,195, $975.00 , $487.50 ,9/22/2021
818388,325698,No,781," $3,905.00 "," $1,952.50 ",06/08/2021
821172,985245,Yes,840," $4,200.00 "," $2,100.00 ",12/09/2021
821916,985245,Yes,849," $4,245.00 "," $2,122.50 ",8/13/2021
822035,325698,Yes,968," $4,840.00 "," $2,420.00 ",11/13/2021
822153,985245,Yes,277," $1,385.00 ", $692.50 ,9/26/2021
822661,325698,Yes,887," $4,435.00 "," $2,217.50 ",2/22/2021
825839,152689,Yes,644," $3,220.00 "," $1,610.00 ",04/12/2021
825940,785432,Yes,821," $4,105.00 "," $2,052.50 ",11/19/2021
826820,985245,Yes,786," $3,930.00 "," $1,965.00 ",12/01/2021
827284,152689,No,834," $4,170.00 "," $2,085.00 ",1/29/2021
827821,452584,Yes,670," $3,350.00 "," $1,675.00 ",4/13/2021
828072,152689,Yes,294," $1,470.00 ", $735.00 ,12/17/2021
830880,152689,No,792," $3,960.00 "," $1,980.00 ",11/16/2021
832283,785432,Yes,65, $325.00 , $162.50 ,2/14/2021
833974,985245,Yes,906," $4,530.00 "," $2,265.00 ",5/30/2021
834549,325698,Yes,673," $3,365.00 "," $1,682.50 ",8/18/2021
835168,985245,No,937," $4,685.00 "," $2,342.50 ",9/20/2021
835302,985245,Yes,698," $3,490.00 "," $1,745.00 ",10/22/2021
836039,325698,No,314," $1,570.00 ", $785.00 ,8/30/2021
836704,152689,No,458," $2,290.00 "," $1,145.00 ",08/07/2021
836725,985245,Yes,596," $2,980.00 "," $1,490.00 ",6/18/2021
837296,452584,Yes,160, $800.00 , $400.00 ,11/11/2021
837897,985245,Yes,923," $4,615.00 "," $2,307.50 ",3/19/2021
839405,152689,Yes,273," $1,365.00 ", $682.50 ,9/22/2021
839911,325698,Yes,575," $2,875.00 "," $1,437.50 ",10/24/2021
842161,785432,No,204," $1,020.00 ", $510.00 ,8/28/2021
843097,325698,No,693," $3,465.00 "," $1,732.50 ",08/07/2021
843273,325698,No,261," $1,305.00 ", $652.50 ,08/08/2021
843899,325698,No,763," $3,815.00 "," $1,907.50 ",3/26/2021
844626,985245,Yes,410," $2,050.00 "," $1,025.00 ",12/06/2021
845088,785432,Yes,366," $1,830.00 ", $915.00 ,08/12/2021
845335,325698,Yes,132, $660.00 , $330.00 ,1/15/2021
845355,985245,Yes,649," $3,245.00 "," $1,622.50 ",9/20/2021
846136,985245,Yes,89, $445.00 , $222.50 ,8/23/2021
847828,152689,Yes,746," $3,730.00 "," $1,865.00 ",2/21/2021
848805,325698,Yes,296," $1,480.00 ", $740.00 ,4/18/2021
851000,785432,Yes,841," $4,205.00 "," $2,102.50 ",06/04/2021
851281,985245,No,656," $3,280.00 "," $1,640.00 ",10/15/2021
851717,152689,No,130, $650.00 , $325.00 ,11/28/2021
856395,785432,Yes,731," $3,655.00 "," $1,827.50 ",08/11/2021
856782,325698,No,671," $3,355.00 "," $1,677.50 ",5/18/2021
856895,152689,Yes,567," $2,835.00 "," $1,417.50 ",11/16/2021
857256,785432,Yes,588," $2,940.00 "," $1,470.00 ",11/06/2021
858383,325698,Yes,764," $3,820.00 "," $1,910.00 ",8/27/2021
862692,325698,Yes,989," $4,945.00 "," $2,472.50 ",12/21/2021
862799,152689,No,264," $1,320.00 ", $660.00 ,08/03/2021
863340,152689,Yes,369," $1,845.00 ", $922.50 ,01/07/2021
867242,985245,Yes,135, $675.00 , $337.50 ,11/09/2021
867588,152689,No,188, $940.00 , $470.00 ,10/22/2021
867743,985245,Yes,430," $2,150.00 "," $1,075.00 ",08/01/2021
868929,325698,No,497," $2,485.00 "," $1,242.50 ",05/04/2021
869854,452584,No,377," $1,885.00 ", $942.50 ,1/25/2021
870053,325698,Yes,395," $1,975.00 ", $987.50 ,06/03/2021
871564,452584,Yes,551," $2,755.00 "," $1,377.50 ",12/27/2021
872152,785432,No,283," $1,415.00 ", $707.50 ,03/08/2021
872190,985245,No,213," $1,065.00 ", $532.50 ,12/25/2021
872410,325698,No,229," $1,145.00 ", $572.50 ,12/03/2021
872464,325698,No,914," $4,570.00 "," $2,285.00 ",05/06/2021
873217,785432,No,481," $2,405.00 "," $1,202.50 ",01/03/2021
874028,452584,Yes,907," $4,535.00 "," $2,267.50 ",04/07/2021
874124,152689,Yes,581," $2,905.00 "," $1,452.50 ",8/26/2021
874321,152689,No,399," $1,995.00 ", $997.50 ,5/18/2021
874597,985245,No,98, $490.00 , $245.00 ,8/21/2021
874872,985245,No,68, $340.00 , $170.00 ,2/21/2021
875766,985245,Yes,527," $2,635.00 "," $1,317.50 ",11/12/2021
876537,325698,No,248," $1,240.00 ", $620.00 ,05/03/2021
876653,985245,No,736," $3,680.00 "," $1,840.00 ",9/20/2021
876754,325698,No,770," $3,850.00 "," $1,925.00 ",11/28/2021
877322,985245,Yes,956," $4,780.00 "," $2,390.00 ",03/01/2021
878314,985245,No,618," $3,090.00 "," $1,545.00 ",07/09/2021
879782,325698,Yes,470," $2,350.00 "," $1,175.00 ",11/08/2021
880040,325698,No,751," $3,755.00 "," $1,877.50 ",09/09/2021
880898,452584,Yes,652," $3,260.00 "," $1,630.00 ",10/25/2021
881038,325698,No,144, $720.00 , $360.00 ,4/28/2021
882058,985245,No,799," $3,995.00 "," $1,997.50 ",6/18/2021
882968,985245,Yes,739," $3,695.00 "," $1,847.50 ",03/03/2021
885038,325698,No,474," $2,370.00 "," $1,185.00 ",8/27/2021
885378,452584,No,525," $2,625.00 "," $1,312.50 ",9/13/2021
885727,985245,Yes,552," $2,760.00 "," $1,380.00 ",7/20/2021
886782,985245,No,315," $1,575.00 ", $787.50 ,10/19/2021
887512,985245,No,643," $3,215.00 "," $1,607.50 ",5/17/2021
888040,985245,Yes,447," $2,235.00 "," $1,117.50 ",05/11/2021
888093,325698,No,379," $1,895.00 ", $947.50 ,8/25/2021
889422,152689,No,721," $3,605.00 "," $1,802.50 ",12/08/2021
889545,985245,Yes,587," $2,935.00 "," $1,467.50 ",5/23/2021
889816,325698,Yes,660," $3,300.00 "," $1,650.00 ",02/03/2021
889899,785432,No,948," $4,740.00 "," $2,370.00 ",04/03/2021
890392,985245,No,844," $4,220.00 "," $2,110.00 ",11/09/2021
891302,452584,Yes,604," $3,020.00 "," $1,510.00 ",02/08/2021
891714,325698,No,159, $795.00 , $397.50 ,4/24/2021
892458,325698,Yes,590," $2,950.00 "," $1,475.00 ",12/19/2021
893516,985245,No,731," $3,655.00 "," $1,827.50 ",9/25/2021
893677,785432,No,112, $560.00 , $280.00 ,8/14/2021
893977,152689,Yes,887," $4,435.00 "," $2,217.50 ",06/11/2021
896598,785432,No,758," $3,790.00 "," $1,895.00 ",04/09/2021
896633,152689,Yes,831," $4,155.00 "," $2,077.50 ",9/27/2021
897742,325698,No,543," $2,715.00 "," $1,357.50 ",7/15/2021
898651,325698,Yes,989," $4,945.00 "," $2,472.50 ",8/19/2021
899773,325698,No,196, $980.00 , $490.00 ,3/24/2021
901516,785432,No,290," $1,450.00 ", $725.00 ,9/16/2021
901659,152689,No,692," $3,460.00 "," $1,730.00 ",6/14/2021
905497,785432,Yes,850," $4,250.00 "," $2,125.00 ",11/21/2021
906630,985245,Yes,342," $1,710.00 ", $855.00 ,08/12/2021
912732,152689,Yes,179, $895.00 , $447.50 ,02/07/2021
913358,325698,No,447," $2,235.00 "," $1,117.50 ",02/01/2021
914010,325698,No,786," $3,930.00 "," $1,965.00 ",11/13/2021
915906,152689,Yes,962," $4,810.00 "," $2,405.00 ",06/07/2021
916814,325698,Yes,992," $4,960.00 "," $2,480.00 ",10/13/2021
921937,785432,No,719," $3,595.00 "," $1,797.50 ",05/09/2021
922797,325698,No,557," $2,785.00 "," $1,392.50 ",5/15/2021
923290,785432,No,309," $1,545.00 ", $772.50 ,4/13/2021
924367,325698,No,249," $1,245.00 ", $622.50 ,1/14/2021
924733,985245,No,954," $4,770.00 "," $2,385.00 ",7/18/2021
925121,785432,No,976," $4,880.00 "," $2,440.00 ",01/05/2021
925281,325698,No,695," $3,475.00 "," $1,737.50 ",11/12/2021
925637,985245,Yes,497," $2,485.00 "," $1,242.50 ",01/02/2021
926223,985245,Yes,321," $1,605.00 ", $802.50 ,01/08/2021
927084,152689,No,806," $4,030.00 "," $2,015.00 ",11/03/2021
928655,152689,No,353," $1,765.00 ", $882.50 ,03/06/2021
928973,152689,No,53, $265.00 , $132.50 ,10/02/2021
930383,325698,No,58, $290.00 , $145.00 ,10/11/2021
931736,325698,No,941," $4,705.00 "," $2,352.50 ",6/13/2021
933510,152689,Yes,235," $1,175.00 ", $587.50 ,6/21/2021
935784,152689,Yes,299," $1,495.00 ", $747.50 ,6/14/2021
935917,325698,No,223," $1,115.00 ", $557.50 ,1/13/2021
936706,152689,No,552," $2,760.00 "," $1,380.00 ",07/06/2021
937139,985245,Yes,154, $770.00 , $385.00 ,09/09/2021
937695,325698,Yes,422," $2,110.00 "," $1,055.00 ",3/17/2021
938098,985245,No,662," $3,310.00 "," $1,655.00 ",12/12/2021
939145,985245,No,354," $1,770.00 ", $885.00 ,04/06/2021
939494,985245,No,536," $2,680.00 "," $1,340.00 ",2/24/2021
940273,325698,Yes,599," $2,995.00 "," $1,497.50 ",05/06/2021
940496,785432,Yes,968," $4,840.00 "," $2,420.00 ",09/11/2021
940577,785432,No,773," $3,865.00 "," $1,932.50 ",08/03/2021
942552,985245,No,625," $3,125.00 "," $1,562.50 ",09/02/2021
942602,325698,Yes,951," $4,755.00 "," $2,377.50 ",12/05/2021
943837,325698,No,604," $3,020.00 "," $1,510.00 ",10/09/2021
945661,325698,No,125, $625.00 , $312.50 ,9/23/2021
946152,985245,Yes,165, $825.00 , $412.50 ,11/16/2021
948568,785432,Yes,346," $1,730.00 ", $865.00 ,1/31/2021
948601,452584,No,966," $4,830.00 "," $2,415.00 ",6/22/2021
948923,985245,No,136, $680.00 , $340.00 ,05/07/2021
949270,985245,Yes,903," $4,515.00 "," $2,257.50 ",8/22/2021
951981,985245,Yes,894," $4,470.00 "," $2,235.00 ",10/23/2021
953253,985245,No,184, $920.00 , $460.00 ,11/15/2021
953749,985245,No,477," $2,385.00 "," $1,192.50 ",12/04/2021
955895,985245,Yes,680," $3,400.00 "," $1,700.00 ",05/11/2021
958705,985245,No,562," $2,810.00 "," $1,405.00 ",12/22/2021
961361,325698,Yes,137, $685.00 , $342.50 ,9/26/2021
962536,325698,Yes,792," $3,960.00 "," $1,980.00 ",05/08/2021
962598,152689,No,850," $4,250.00 "," $2,125.00 ",12/20/2021
963657,985245,No,340," $1,700.00 ", $850.00 ,10/20/2021
965927,985245,Yes,154, $770.00 , $385.00 ,07/08/2021
966987,325698,Yes,697," $3,485.00 "," $1,742.50 ",11/01/2021
968423,152689,Yes,179, $895.00 , $447.50 ,09/03/2021
968897,785432,No,997," $4,985.00 "," $2,492.50 ",5/14/2021
971868,325698,No,385," $1,925.00 ", $962.50 ,5/13/2021
973900,985245,No,411," $2,055.00 "," $1,027.50 ",4/17/2021
974713,785432,Yes,599," $2,995.00 "," $1,497.50 ",06/07/2021
975375,785432,Yes,931," $4,655.00 "," $2,327.50 ",10/01/2021
975890,325698,Yes,822," $4,110.00 "," $2,055.00 ",09/09/2021
975910,985245,No,101, $505.00 , $252.50 ,09/08/2021
976418,152689,No,979," $4,895.00 "," $2,447.50 ",1/27/2021
976472,985245,Yes,125, $625.00 , $312.50 ,10/27/2021
977710,785432,Yes,201," $1,005.00 ", $502.50 ,6/24/2021
978055,785432,Yes,628," $3,140.00 "," $1,570.00 ",01/02/2021
984103,985245,Yes,811," $4,055.00 "," $2,027.50 ",1/18/2021
985253,152689,Yes,185, $925.00 , $462.50 ,2/17/2021
985378,785432,Yes,966," $4,830.00 "," $2,415.00 ",2/17/2021
987597,325698,No,347," $1,735.00 ", $867.50 ,8/19/2021
988711,152689,No,433," $2,165.00 "," $1,082.50 ",6/29/2021
992034,152689,No,88, $440.00 , $220.00 ,12/10/2021
992813,325698,No,323," $1,615.00 ", $807.50 ,05/05/2021
995565,152689,Yes,187, $935.00 , $467.50 ,9/15/2021
996673,325698,No,693," $3,465.00 "," $1,732.50 ",04/05/2021
998683,985245,Yes,281," $1,405.00 ", $702.50 ,9/20/2021
100049,152689,Yes,402," $2,010.00 "," $1,005.00 ",2/24/2020
100883,325698,No,904," $4,520.00 "," $2,260.00 ",02/05/2020
102733,985245,Yes,637," $3,185.00 "," $1,592.50 ",6/22/2020
105310,325698,No,178, $890.00 , $445.00 ,03/10/2020
105886,985245,No,489," $2,445.00 "," $1,222.50 ",10/12/2020
106109,452584,Yes,912," $4,560.00 "," $2,280.00 ",5/18/2020
106744,325698,No,670," $3,350.00 "," $1,675.00 ",03/10/2020
107998,325698,No,244," $1,220.00 ", $610.00 ,02/08/2020
108422,985245,No,708," $3,540.00 "," $1,770.00 ",3/17/2020
108434,152689,Yes,649," $3,245.00 "," $1,622.50 ",12/13/2020
108440,152689,Yes,55, $275.00 , $137.50 ,10/02/2020
110057,325698,No,382," $1,910.00 ", $955.00 ,1/24/2020
111160,985245,No,720," $3,600.00 "," $1,800.00 ",02/01/2020
112652,785432,No,209," $1,045.00 ", $522.50 ,4/19/2020
117646,152689,Yes,116, $580.00 , $290.00 ,10/31/2020
120946,152689,No,480," $2,400.00 "," $1,200.00 ",09/11/2020
121495,152689,Yes,849," $4,245.00 "," $2,122.50 ",4/29/2020
122057,152689,Yes,99, $495.00 , $247.50 ,01/11/2020
122076,325698,Yes,881," $4,405.00 "," $2,202.50 ",3/16/2020
122674,985245,Yes,900," $4,500.00 "," $2,250.00 ",11/17/2020
126797,985245,No,642," $3,210.00 "," $1,605.00 ",01/10/2020
127517,325698,No,264," $1,320.00 ", $660.00 ,12/09/2020
128051,152689,No,860," $4,300.00 "," $2,150.00 ",10/11/2020
128203,985245,Yes,243," $1,215.00 ", $607.50 ,06/11/2020
128273,152689,Yes,857," $4,285.00 "," $2,142.50 ",9/27/2020
129242,325698,Yes,763," $3,815.00 "," $1,907.50 ",4/29/2020
134451,985245,Yes,168, $840.00 , $420.00 ,8/20/2020
135342,785432,Yes,865," $4,325.00 "," $2,162.50 ",11/21/2020
135896,785432,Yes,787," $3,935.00 "," $1,967.50 ",09/05/2020
136952,785432,Yes,429," $2,145.00 "," $1,072.50 ",6/20/2020
137316,785432,No,366," $1,830.00 ", $915.00 ,5/21/2020
138168,325698,No,470," $2,350.00 "," $1,175.00 ",10/22/2020
138529,785432,Yes,186, $930.00 , $465.00 ,4/13/2020
138939,152689,Yes,640," $3,200.00 "," $1,600.00 ",10/19/2020
141474,785432,Yes,259," $1,295.00 ", $647.50 ,10/07/2020
141948,985245,Yes,874," $4,370.00 "," $2,185.00 ",12/19/2020
142820,152689,No,514," $2,570.00 "," $1,285.00 ",10/06/2020
144552,152689,No,292," $1,460.00 ", $730.00 ,6/21/2020
144597,985245,Yes,282," $1,410.00 ", $705.00 ,10/12/2020
144951,452584,Yes,716," $3,580.00 "," $1,790.00 ",12/09/2020
147424,152689,No,242," $1,210.00 ", $605.00 ,11/26/2020
148613,452584,No,991," $4,955.00 "," $2,477.50 ",5/29/2020
149034,152689,No,966," $4,830.00 "," $2,415.00 ",1/17/2020
149630,152689,Yes,887," $4,435.00 "," $2,217.50 ",2/14/2020
150718,325698,No,929," $4,645.00 "," $2,322.50 ",11/14/2020
151955,985245,No,907," $4,535.00 "," $2,267.50 ",6/24/2020
153673,452584,Yes,561," $2,805.00 "," $1,402.50 ",01/07/2020
153763,452584,No,791," $3,955.00 "," $1,977.50 ",01/09/2020
153918,152689,No,888," $4,440.00 "," $2,220.00 ",04/01/2020
154036,325698,No,765," $3,825.00 "," $1,912.50 ",01/01/2020
154222,325698,Yes,499," $2,495.00 "," $1,247.50 ",5/30/2020
154390,152689,Yes,808," $4,040.00 "," $2,020.00 ",4/17/2020
154669,785432,No,243," $1,215.00 ", $607.50 ,06/07/2020
155258,785432,Yes,797," $3,985.00 "," $1,992.50 ",06/10/2020
156097,325698,Yes,773," $3,865.00 "," $1,932.50 ",5/15/2020
157286,325698,No,371," $1,855.00 ", $927.50 ,9/21/2020
159909,152689,No,522," $2,610.00 "," $1,305.00 ",3/30/2020
161633,325698,No,751," $3,755.00 "," $1,877.50 ",09/07/2020
163017,785432,No,54, $270.00 , $135.00 ,9/13/2020
168287,985245,No,813," $4,065.00 "," $2,032.50 ",8/20/2020
168472,325698,No,890," $4,450.00 "," $2,225.00 ",11/22/2020
170559,325698,Yes,635," $3,175.00 "," $1,587.50 ",7/21/2020
170598,325698,Yes,791," $3,955.00 "," $1,977.50 ",8/20/2020
171734,325698,Yes,153, $765.00 , $382.50 ,10/10/2020
173158,985245,Yes,439," $2,195.00 "," $1,097.50 ",7/31/2020
173491,785432,No,97, $485.00 , $242.50 ,06/11/2020
174067,325698,Yes,987," $4,935.00 "," $2,467.50 ",10/01/2020
176890,152689,Yes,700," $3,500.00 "," $1,750.00 ",5/31/2020
177222,152689,Yes,327," $1,635.00 ", $817.50 ,1/14/2020
178204,325698,Yes,492," $2,460.00 "," $1,230.00 ",7/24/2020
179488,325698,No,738," $3,690.00 "," $1,845.00 ",5/28/2020
180057,985245,Yes,955," $4,775.00 "," $2,387.50 ",01/07/2020
180059,325698,No,676," $3,380.00 "," $1,690.00 ",05/05/2020
180091,985245,No,236," $1,180.00 ", $590.00 ,7/20/2020
181200,785432,No,461," $2,305.00 "," $1,152.50 ",8/30/2020
182712,985245,Yes,561," $2,805.00 "," $1,402.50 ",03/01/2020
182760,152689,Yes,614," $3,070.00 "," $1,535.00 ",11/16/2020
185173,985245,Yes,247," $1,235.00 ", $617.50 ,07/03/2020
185315,785432,Yes,295," $1,475.00 ", $737.50 ,9/21/2020
185400,452584,No,475," $2,375.00 "," $1,187.50 ",04/08/2020
185774,785432,Yes,132, $660.00 , $330.00 ,04/11/2020
186348,325698,No,769," $3,845.00 "," $1,922.50 ",4/26/2020
187764,325698,Yes,962," $4,810.00 "," $2,405.00 ",10/24/2020
187777,152689,Yes,192, $960.00 , $480.00 ,10/10/2020
192456,152689,Yes,661," $3,305.00 "," $1,652.50 ",4/28/2020
192645,325698,No,810," $4,050.00 "," $2,025.00 ",12/23/2020
193234,985245,No,458," $2,290.00 "," $1,145.00 ",08/02/2020
194870,785432,Yes,131, $655.00 , $327.50 ,6/13/2020
195565,985245,No,975," $4,875.00 "," $2,437.50 ",8/28/2020
196953,325698,No,84, $420.00 , $210.00 ,10/01/2020
200181,325698,Yes,454," $2,270.00 "," $1,135.00 ",12/30/2020
200513,452584,No,805," $4,025.00 "," $2,012.50 ",9/22/2020
202480,985245,Yes,342," $1,710.00 ", $855.00 ,1/15/2020
202526,325698,Yes,827," $4,135.00 "," $2,067.50 ",3/20/2020
203607,325698,Yes,472," $2,360.00 "," $1,180.00 ",8/31/2020
204675,152689,Yes,484," $2,420.00 "," $1,210.00 ",12/08/2020
205440,325698,Yes,390," $1,950.00 ", $975.00 ,04/08/2020
206597,152689,Yes,624," $3,120.00 "," $1,560.00 ",7/20/2020
211807,325698,No,861," $4,305.00 "," $2,152.50 ",9/17/2020
212191,152689,Yes,492," $2,460.00 "," $1,230.00 ",1/27/2020
213148,985245,Yes,988," $4,940.00 "," $2,470.00 ",11/15/2020
214016,785432,Yes,679," $3,395.00 "," $1,697.50 ",11/25/2020
216648,785432,Yes,812," $4,060.00 "," $2,030.00 ",7/20/2020
216808,785432,No,875," $4,375.00 "," $2,187.50 ",10/06/2020
219735,325698,Yes,995," $4,975.00 "," $2,487.50 ",08/06/2020
220974,985245,No,934," $4,670.00 "," $2,335.00 ",3/13/2020
221721,325698,No,513," $2,565.00 "," $1,282.50 ",11/01/2020
222901,325698,No,595," $2,975.00 "," $1,487.50 ",04/12/2020
225524,452584,No,508," $2,540.00 "," $1,270.00 ",7/31/2020
229365,785432,No,439," $2,195.00 "," $1,097.50 ",03/08/2020
230238,985245,Yes,181, $905.00 , $452.50 ,06/05/2020
231255,985245,No,811," $4,055.00 "," $2,027.50 ",12/11/2020
231823,152689,Yes,617," $3,085.00 "," $1,542.50 ",11/05/2020
232445,785432,Yes,807," $4,035.00 "," $2,017.50 ",5/16/2020
234191,325698,No,660," $3,300.00 "," $1,650.00 ",12/26/2020
234614,985245,No,899," $4,495.00 "," $2,247.50 ",9/17/2020
236591,152689,No,495," $2,475.00 "," $1,237.50 ",07/09/2020
238041,985245,No,503," $2,515.00 "," $1,257.50 ",5/25/2020
239584,152689,No,900," $4,500.00 "," $2,250.00 ",8/13/2020
241322,985245,Yes,167, $835.00 , $417.50 ,12/18/2020
241361,325698,No,466," $2,330.00 "," $1,165.00 ",8/28/2020
242610,985245,No,113, $565.00 , $282.50 ,2/27/2020
243408,325698,No,479," $2,395.00 "," $1,197.50 ",07/01/2020
243417,325698,No,914," $4,570.00 "," $2,285.00 ",2/16/2020
245351,985245,Yes,905," $4,525.00 "," $2,262.50 ",12/22/2020
246626,985245,No,55, $275.00 , $137.50 ,10/05/2020
247112,325698,Yes,807," $4,035.00 "," $2,017.50 ",09/09/2020
247229,325698,Yes,137, $685.00 , $342.50 ,12/27/2020
247706,152689,No,246," $1,230.00 ", $615.00 ,7/25/2020
248156,325698,No,62, $310.00 , $155.00 ,3/16/2020
249786,152689,Yes,590," $2,950.00 "," $1,475.00 ",06/12/2020
251025,785432,Yes,193, $965.00 , $482.50 ,9/22/2020
252449,985245,No,675," $3,375.00 "," $1,687.50 ",9/30/2020
252864,785432,No,992," $4,960.00 "," $2,480.00 ",8/31/2020
254438,785432,No,332," $1,660.00 ", $830.00 ,8/22/2020
254665,785432,No,713," $3,565.00 "," $1,782.50 ",09/03/2020
257728,325698,No,224," $1,120.00 ", $560.00 ,10/22/2020
258897,325698,Yes,468," $2,340.00 "," $1,170.00 ",12/08/2020
260033,985245,Yes,220," $1,100.00 ", $550.00 ,6/30/2020
263404,985245,Yes,381," $1,905.00 ", $952.50 ,03/07/2020
263600,325698,No,779," $3,895.00 "," $1,947.50 ",03/05/2020
264008,785432,No,454," $2,270.00 "," $1,135.00 ",12/04/2020
264860,785432,No,211," $1,055.00 ", $527.50 ,03/06/2020
266303,985245,No,956," $4,780.00 "," $2,390.00 ",11/04/2020
268296,325698,Yes,759," $3,795.00 "," $1,897.50 ",10/19/2020
269119,785432,Yes,162, $810.00 , $405.00 ,1/20/2020
269402,325698,Yes,353," $1,765.00 ", $882.50 ,07/05/2020
269756,985245,Yes,437," $2,185.00 "," $1,092.50 ",9/16/2020
269802,985245,No,946," $4,730.00 "," $2,365.00 ",4/25/2020
270158,785432,Yes,690," $3,450.00 "," $1,725.00 ",7/17/2020
271912,785432,Yes,491," $2,455.00 "," $1,227.50 ",1/21/2020
272706,985245,Yes,687," $3,435.00 "," $1,717.50 ",6/16/2020
272875,152689,Yes,181, $905.00 , $452.50 ,1/21/2020
275621,985245,Yes,93, $465.00 , $232.50 ,3/23/2020
276390,325698,No,469," $2,345.00 "," $1,172.50 ",11/17/2020
277207,785432,No,505," $2,525.00 "," $1,262.50 ",5/22/2020
280732,985245,No,388," $1,940.00 ", $970.00 ,12/02/2020
280959,325698,No,660," $3,300.00 "," $1,650.00 ",09/02/2020
282180,785432,No,509," $2,545.00 "," $1,272.50 ",10/08/2020
284556,985245,No,132, $660.00 , $330.00 ,06/01/2020
285171,152689,Yes,426," $2,130.00 "," $1,065.00 ",06/04/2020
288061,985245,Yes,371," $1,855.00 ", $927.50 ,08/04/2020
289011,785432,Yes,491," $2,455.00 "," $1,227.50 ",11/12/2020
289827,325698,Yes,705," $3,525.00 "," $1,762.50 ",8/23/2020
291222,452584,No,62, $310.00 , $155.00 ,06/09/2020
292683,152689,No,608," $3,040.00 "," $1,520.00 ",10/23/2020
296492,785432,Yes,826," $4,130.00 "," $2,065.00 ",2/14/2020
296801,325698,No,641," $3,205.00 "," $1,602.50 ",3/19/2020
297970,985245,Yes,819," $4,095.00 "," $2,047.50 ",9/14/2020
298663,785432,No,367," $1,835.00 ", $917.50 ,3/16/2020
300256,452584,No,663," $3,315.00 "," $1,657.50 ",11/23/2020
301044,985245,No,190, $950.00 , $475.00 ,08/03/2020
301493,325698,No,116, $580.00 , $290.00 ,08/03/2020
303439,325698,No,544," $2,720.00 "," $1,360.00 ",11/01/2020
304388,152689,No,452," $2,260.00 "," $1,130.00 ",04/04/2020
304591,985245,No,583," $2,915.00 "," $1,457.50 ",11/13/2020
307926,985245,No,587," $2,935.00 "," $1,467.50 ",1/22/2020
309379,985245,No,498," $2,490.00 "," $1,245.00 ",01/04/2020
309433,785432,Yes,834," $4,170.00 "," $2,085.00 ",5/25/2020
311278,785432,Yes,395," $1,975.00 ", $987.50 ,10/08/2020
311436,985245,No,107, $535.00 , $267.50 ,01/01/2020
312503,325698,No,538," $2,690.00 "," $1,345.00 ",9/27/2020
313423,152689,Yes,93, $465.00 , $232.50 ,4/16/2020
313500,985245,Yes,540," $2,700.00 "," $1,350.00 ",10/03/2020
315495,152689,No,310," $1,550.00 ", $775.00 ,6/24/2020
316175,152689,No,623," $3,115.00 "," $1,557.50 ",8/18/2020
317616,152689,Yes,573," $2,865.00 "," $1,432.50 ",3/31/2020
321948,152689,No,305," $1,525.00 ", $762.50 ,7/21/2020
322730,985245,Yes,652," $3,260.00 "," $1,630.00 ",11/28/2020
323405,325698,Yes,408," $2,040.00 "," $1,020.00 ",03/05/2020
324745,152689,No,240," $1,200.00 ", $600.00 ,11/29/2020
325363,985245,Yes,881," $4,405.00 "," $2,202.50 ",12/23/2020
325582,152689,No,299," $1,495.00 ", $747.50 ,11/02/2020
325722,325698,Yes,401," $2,005.00 "," $1,002.50 ",11/20/2020
329404,152689,No,833," $4,165.00 "," $2,082.50 ",9/24/2020
329688,985245,No,415," $2,075.00 "," $1,037.50 ",2/14/2020
329723,152689,Yes,230," $1,150.00 ", $575.00 ,09/09/2020
331207,152689,Yes,466," $2,330.00 "," $1,165.00 ",01/06/2020
331556,985245,Yes,414," $2,070.00 "," $1,035.00 ",12/11/2020
332208,152689,Yes,516," $2,580.00 "," $1,290.00 ",7/16/2020
332480,452584,No,658," $3,290.00 "," $1,645.00 ",03/05/2020
333045,985245,No,292," $1,460.00 ", $730.00 ,03/11/2020
336048,152689,No,762," $3,810.00 "," $1,905.00 ",12/15/2020
337247,985245,No,476," $2,380.00 "," $1,190.00 ",6/27/2020
341458,152689,No,366," $1,830.00 ", $915.00 ,1/25/2020
341804,325698,Yes,222," $1,110.00 ", $555.00 ,6/21/2020
342085,152689,Yes,255," $1,275.00 ", $637.50 ,9/26/2020
344339,152689,No,877," $4,385.00 "," $2,192.50 ",12/14/2020
344460,452584,Yes,768," $3,840.00 "," $1,920.00 ",08/03/2020
345760,985245,No,220," $1,100.00 ", $550.00 ,5/31/2020
348782,785432,No,552," $2,760.00 "," $1,380.00 ",08/08/2020
353071,452584,Yes,773," $3,865.00 "," $1,932.50 ",7/20/2020
353264,325698,No,83, $415.00 , $207.50 ,8/18/2020
354235,985245,Yes,890," $4,450.00 "," $2,225.00 ",8/22/2020
356140,985245,No,74, $370.00 , $185.00 ,7/14/2020
360419,325698,Yes,690," $3,450.00 "," $1,725.00 ",02/08/2020
360603,325698,No,140, $700.00 , $350.00 ,01/09/2020
363695,785432,No,172, $860.00 , $430.00 ,12/24/2020
366790,325698,No,641," $3,205.00 "," $1,602.50 ",4/28/2020
369239,785432,Yes,313," $1,565.00 ", $782.50 ,10/01/2020
370020,325698,No,654," $3,270.00 "," $1,635.00 ",9/28/2020
373393,985245,Yes,624," $3,120.00 "," $1,560.00 ",02/02/2020
376055,985245,Yes,67, $335.00 , $167.50 ,8/23/2020
376252,785432,No,942," $4,710.00 "," $2,355.00 ",6/27/2020
376991,985245,Yes,784," $3,920.00 "," $1,960.00 ",11/19/2020
377129,325698,Yes,659," $3,295.00 "," $1,647.50 ",10/23/2020
378251,785432,Yes,812," $4,060.00 "," $2,030.00 ",10/21/2020
378488,452584,No,329," $1,645.00 ", $822.50 ,7/21/2020
378786,985245,No,403," $2,015.00 "," $1,007.50 ",06/03/2020
378960,325698,Yes,291," $1,455.00 ", $727.50 ,9/25/2020
379239,985245,No,788," $3,940.00 "," $1,970.00 ",03/06/2020
382063,152689,Yes,965," $4,825.00 "," $2,412.50 ",08/09/2020
385489,325698,Yes,298," $1,490.00 ", $745.00 ,10/19/2020
388600,785432,No,601," $3,005.00 "," $1,502.50 ",2/22/2020
389320,152689,Yes,683," $3,415.00 "," $1,707.50 ",5/22/2020
389357,152689,Yes,439," $2,195.00 "," $1,097.50 ",3/28/2020
390065,785432,Yes,386," $1,930.00 ", $965.00 ,07/11/2020
391973,152689,No,867," $4,335.00 "," $2,167.50 ",04/07/2020
392541,325698,Yes,181, $905.00 , $452.50 ,12/01/2020
392582,985245,Yes,121, $605.00 , $302.50 ,12/28/2020
393761,985245,No,859," $4,295.00 "," $2,147.50 ",02/07/2020
394929,325698,Yes,197, $985.00 , $492.50 ,07/11/2020
395060,325698,No,750," $3,750.00 "," $1,875.00 ",09/07/2020
395145,325698,Yes,981," $4,905.00 "," $2,452.50 ",04/09/2020
395821,452584,No,647," $3,235.00 "," $1,617.50 ",12/26/2020
396324,785432,Yes,774," $3,870.00 "," $1,935.00 ",11/19/2020
396627,452584,Yes,489," $2,445.00 "," $1,222.50 ",9/21/2020
398441,985245,No,102, $510.00 , $255.00 ,02/06/2020
399353,325698,Yes,702," $3,510.00 "," $1,755.00 ",10/19/2020
399376,325698,Yes,190, $950.00 , $475.00 ,5/31/2020
399502,325698,Yes,130, $650.00 , $325.00 ,08/11/2020
399796,325698,No,774," $3,870.00 "," $1,935.00 ",7/26/2020
400758,785432,Yes,967," $4,835.00 "," $2,417.50 ",08/11/2020
401920,785432,No,927," $4,635.00 "," $2,317.50 ",3/13/2020
402025,785432,No,785," $3,925.00 "," $1,962.50 ",6/16/2020
402665,325698,Yes,198, $990.00 , $495.00 ,12/01/2020
404823,325698,No,888," $4,440.00 "," $2,220.00 ",8/21/2020
404927,985245,Yes,721," $3,605.00 "," $1,802.50 ",08/03/2020
406257,152689,No,672," $3,360.00 "," $1,680.00 ",03/12/2020
407642,325698,No,121, $605.00 , $302.50 ,07/06/2020
409179,785432,Yes,925," $4,625.00 "," $2,312.50 ",08/05/2020
409682,152689,Yes,371," $1,855.00 ", $927.50 ,12/04/2020
409944,152689,No,776," $3,880.00 "," $1,940.00 ",9/15/2020
410456,785432,No,850," $4,250.00 "," $2,125.00 ",6/29/2020
411716,325698,Yes,104, $520.00 , $260.00 ,03/03/2020
412714,325698,No,541," $2,705.00 "," $1,352.50 ",12/27/2020
413383,152689,Yes,936," $4,680.00 "," $2,340.00 ",12/31/2020
414251,785432,Yes,747," $3,735.00 "," $1,867.50 ",9/28/2020
415147,152689,No,373," $1,865.00 ", $932.50 ,12/27/2020
415494,325698,Yes,235," $1,175.00 ", $587.50 ,2/22/2020
416670,985245,No,404," $2,020.00 "," $1,010.00 ",04/02/2020
417296,325698,Yes,463," $2,315.00 "," $1,157.50 ",01/06/2020
418154,985245,Yes,71, $355.00 , $177.50 ,11/11/2020
419187,985245,No,765," $3,825.00 "," $1,912.50 ",4/16/2020
419602,325698,No,583," $2,915.00 "," $1,457.50 ",03/04/2020
420419,985245,Yes,263," $1,315.00 ", $657.50 ,7/14/2020
422150,985245,No,166, $830.00 , $415.00 ,06/02/2020
422853,985245,No,705," $3,525.00 "," $1,762.50 ",8/17/2020
423778,785432,No,204," $1,020.00 ", $510.00 ,4/21/2020
424746,152689,No,272," $1,360.00 ", $680.00 ,09/09/2020
425299,452584,Yes,130, $650.00 , $325.00 ,10/03/2020
426239,152689,Yes,76, $380.00 , $190.00 ,11/10/2020
426748,325698,No,402," $2,010.00 "," $1,005.00 ",02/06/2020
428224,985245,Yes,194, $970.00 , $485.00 ,06/01/2020
428809,985245,Yes,408," $2,040.00 "," $1,020.00 ",7/31/2020
429018,152689,Yes,919," $4,595.00 "," $2,297.50 ",2/26/2020
430954,325698,No,125, $625.00 , $312.50 ,10/25/2020
431541,152689,No,694," $3,470.00 "," $1,735.00 ",8/23/2020
432744,325698,Yes,610," $3,050.00 "," $1,525.00 ",4/18/2020
434242,152689,Yes,580," $2,900.00 "," $1,450.00 ",7/18/2020
434380,325698,No,288," $1,440.00 ", $720.00 ,10/28/2020
438138,785432,No,777," $3,885.00 "," $1,942.50 ",1/17/2020
439440,452584,Yes,199, $995.00 , $497.50 ,12/08/2020
440213,985245,Yes,241," $1,205.00 ", $602.50 ,1/24/2020
441614,785432,Yes,540," $2,700.00 "," $1,350.00 ",10/12/2020
443368,325698,No,803," $4,015.00 "," $2,007.50 ",08/12/2020
444853,985245,No,726," $3,630.00 "," $1,815.00 ",11/02/2020
446162,325698,No,570," $2,850.00 "," $1,425.00 ",8/16/2020
447395,325698,Yes,714," $3,570.00 "," $1,785.00 ",8/14/2020
449832,785432,No,570," $2,850.00 "," $1,425.00 ",12/12/2020
450108,785432,Yes,899," $4,495.00 "," $2,247.50 ",07/01/2020
451038,152689,Yes,809," $4,045.00 "," $2,022.50 ",9/21/2020
451144,785432,No,816," $4,080.00 "," $2,040.00 ",11/12/2020
451231,325698,Yes,62, $310.00 , $155.00 ,12/16/2020
451315,325698,No,828," $4,140.00 "," $2,070.00 ",12/11/2020
451547,985245,Yes,486," $2,430.00 "," $1,215.00 ",2/23/2020
454717,985245,Yes,600," $3,000.00 "," $1,500.00 ",01/05/2020
456010,152689,No,953," $4,765.00 "," $2,382.50 ",11/28/2020
458555,325698,No,913," $4,565.00 "," $2,282.50 ",4/17/2020
460415,785432,Yes,584," $2,920.00 "," $1,460.00 ",01/08/2020
462275,325698,No,215," $1,075.00 ", $537.50 ,04/07/2020
462799,985245,No,585," $2,925.00 "," $1,462.50 ",04/09/2020
463601,325698,No,429," $2,145.00 "," $1,072.50 ",12/26/2020
463848,152689,No,517," $2,585.00 "," $1,292.50 ",9/21/2020
464618,452584,Yes,516," $2,580.00 "," $1,290.00 ",10/26/2020
466576,325698,Yes,311," $1,555.00 ", $777.50 ,09/06/2020
466667,152689,No,602," $3,010.00 "," $1,505.00 ",02/08/2020
467347,785432,Yes,538," $2,690.00 "," $1,345.00 ",02/03/2020
467892,152689,No,544," $2,720.00 "," $1,360.00 ",06/09/2020
467899,152689,No,882," $4,410.00 "," $2,205.00 ",05/03/2020
469130,152689,Yes,705," $3,525.00 "," $1,762.50 ",5/24/2020
469169,785432,No,273," $1,365.00 ", $682.50 ,06/05/2020
469775,985245,Yes,844," $4,220.00 "," $2,110.00 ",11/01/2020
472264,325698,Yes,420," $2,100.00 "," $1,050.00 ",6/30/2020
473127,152689,No,649," $3,245.00 "," $1,622.50 ",10/14/2020
473665,452584,No,235," $1,175.00 ", $587.50 ,10/02/2020
474993,785432,No,302," $1,510.00 ", $755.00 ,6/22/2020
475400,325698,Yes,748," $3,740.00 "," $1,870.00 ",08/03/2020
475703,152689,No,692," $3,460.00 "," $1,730.00 ",2/27/2020
477078,985245,No,641," $3,205.00 "," $1,602.50 ",2/22/2020
477121,785432,Yes,811," $4,055.00 "," $2,027.50 ",10/10/2020
477132,325698,No,305," $1,525.00 ", $762.50 ,6/26/2020
477394,452584,Yes,186, $930.00 , $465.00 ,6/13/2020
477646,452584,Yes,100, $500.00 , $250.00 ,04/09/2020
478150,785432,Yes,509," $2,545.00 "," $1,272.50 ",04/09/2020
481717,785432,No,67, $335.00 , $167.50 ,5/13/2020
481884,325698,Yes,289," $1,445.00 ", $722.50 ,12/21/2020
482653,785432,No,159, $795.00 , $397.50 ,06/10/2020
483172,785432,No,960," $4,800.00 "," $2,400.00 ",7/20/2020
483728,325698,Yes,82, $410.00 , $205.00 ,5/18/2020
483934,785432,No,154, $770.00 , $385.00 ,02/06/2020
486537,452584,Yes,659," $3,295.00 "," $1,647.50 ",6/29/2020
487675,452584,Yes,986," $4,930.00 "," $2,465.00 ",6/27/2020
487916,452584,Yes,508," $2,540.00 "," $1,270.00 ",07/07/2020
488185,325698,No,912," $4,560.00 "," $2,280.00 ",1/16/2020
488476,785432,No,69, $345.00 , $172.50 ,05/07/2020
488596,985245,No,338," $1,690.00 ", $845.00 ,7/21/2020
489288,985245,No,744," $3,720.00 "," $1,860.00 ",4/25/2020
489709,325698,Yes,541," $2,705.00 "," $1,352.50 ",3/26/2020
491863,325698,Yes,385," $1,925.00 ", $962.50 ,3/25/2020
493341,985245,Yes,331," $1,655.00 ", $827.50 ,7/26/2020
494950,152689,No,812," $4,060.00 "," $2,030.00 ",06/10/2020
495527,325698,No,387," $1,935.00 ", $967.50 ,06/12/2020
498170,785432,Yes,513," $2,565.00 "," $1,282.50 ",7/17/2020
498284,985245,No,235," $1,175.00 ", $587.50 ,2/28/2020
498706,325698,No,292," $1,460.00 ", $730.00 ,10/06/2020
500142,325698,Yes,83, $415.00 , $207.50 ,02/01/2020
501436,325698,Yes,80, $400.00 , $200.00 ,7/27/2020
503099,152689,Yes,366," $1,830.00 ", $915.00 ,7/25/2020
503730,985245,No,131, $655.00 , $327.50 ,6/24/2020
504287,152689,No,472," $2,360.00 "," $1,180.00 ",04/11/2020
506637,325698,No,432," $2,160.00 "," $1,080.00 ",9/14/2020
510867,985245,Yes,183, $915.00 , $457.50 ,12/23/2020
511387,152689,No,824," $4,120.00 "," $2,060.00 ",1/28/2020
512022,152689,No,685," $3,425.00 "," $1,712.50 ",9/20/2020
512151,325698,Yes,275," $1,375.00 ", $687.50 ,9/29/2020
512156,985245,Yes,430," $2,150.00 "," $1,075.00 ",11/18/2020
512882,325698,Yes,491," $2,455.00 "," $1,227.50 ",9/23/2020
515027,152689,Yes,151, $755.00 , $377.50 ,12/19/2020
520412,985245,No,472," $2,360.00 "," $1,180.00 ",05/01/2020
521886,785432,No,867," $4,335.00 "," $2,167.50 ",10/04/2020
521982,785432,No,225," $1,125.00 ", $562.50 ,08/08/2020
522454,452584,No,992," $4,960.00 "," $2,480.00 ",12/01/2020
522753,325698,Yes,491," $2,455.00 "," $1,227.50 ",3/24/2020
523012,985245,Yes,175, $875.00 , $437.50 ,04/11/2020
525823,985245,Yes,716," $3,580.00 "," $1,790.00 ",10/30/2020
526190,152689,Yes,552," $2,760.00 "," $1,380.00 ",04/12/2020
528961,325698,Yes,386," $1,930.00 ", $965.00 ,12/23/2020
528987,152689,Yes,924," $4,620.00 "," $2,310.00 ",4/13/2020
529258,152689,Yes,134, $670.00 , $335.00 ,11/16/2020
530416,325698,No,643," $3,215.00 "," $1,607.50 ",9/24/2020
532184,985245,Yes,574," $2,870.00 "," $1,435.00 ",12/26/2020
533958,785432,No,862," $4,310.00 "," $2,155.00 ",5/15/2020
534373,325698,Yes,434," $2,170.00 "," $1,085.00 ",11/22/2020
534745,152689,Yes,208," $1,040.00 ", $520.00 ,2/20/2020
535906,152689,Yes,382," $1,910.00 ", $955.00 ,3/17/2020
536483,325698,No,135, $675.00 , $337.50 ,6/16/2020
537312,325698,No,405," $2,025.00 "," $1,012.50 ",04/10/2020
538106,152689,Yes,282," $1,410.00 ", $705.00 ,3/26/2020
542589,985245,No,743," $3,715.00 "," $1,857.50 ",08/10/2020
543788,152689,No,231," $1,155.00 ", $577.50 ,08/02/2020
545150,325698,Yes,365," $1,825.00 ", $912.50 ,04/03/2020
545969,785432,No,551," $2,755.00 "," $1,377.50 ",08/09/2020
546541,985245,Yes,231," $1,155.00 ", $577.50 ,6/26/2020
546717,152689,Yes,965," $4,825.00 "," $2,412.50 ",10/11/2020
548124,325698,Yes,972," $4,860.00 "," $2,430.00 ",10/14/2020
548247,985245,Yes,925," $4,625.00 "," $2,312.50 ",12/30/2020
549314,785432,Yes,269," $1,345.00 ", $672.50 ,9/14/2020
550193,325698,Yes,611," $3,055.00 "," $1,527.50 ",3/14/2020
551524,325698,Yes,368," $1,840.00 ", $920.00 ,5/16/2020
551726,985245,No,192, $960.00 , $480.00 ,10/15/2020
553287,325698,Yes,826," $4,130.00 "," $2,065.00 ",5/22/2020
554569,325698,Yes,841," $4,205.00 "," $2,102.50 ",10/07/2020
556885,985245,No,911," $4,555.00 "," $2,277.50 ",09/09/2020
558199,985245,Yes,381," $1,905.00 ", $952.50 ,11/27/2020
558505,785432,Yes,554," $2,770.00 "," $1,385.00 ",11/23/2020
559170,325698,Yes,833," $4,165.00 "," $2,082.50 ",11/05/2020
559744,152689,Yes,675," $3,375.00 "," $1,687.50 ",09/04/2020
561843,785432,No,606," $3,030.00 "," $1,515.00 ",02/03/2020
562846,785432,No,971," $4,855.00 "," $2,427.50 ",6/23/2020
565152,325698,No,639," $3,195.00 "," $1,597.50 ",05/09/2020
565177,152689,Yes,681," $3,405.00 "," $1,702.50 ",9/17/2020
566248,785432,Yes,132, $660.00 , $330.00 ,6/25/2020
567318,325698,No,291," $1,455.00 ", $727.50 ,12/09/2020
567878,452584,No,748," $3,740.00 "," $1,870.00 ",11/21/2020
570947,152689,No,865," $4,325.00 "," $2,162.50 ",10/20/2020
572070,985245,Yes,785," $3,925.00 "," $1,962.50 ",06/09/2020
572103,452584,No,785," $3,925.00 "," $1,962.50 ",11/11/2020
572130,325698,Yes,741," $3,705.00 "," $1,852.50 ",02/08/2020
574844,325698,Yes,145, $725.00 , $362.50 ,02/04/2020
575213,985245,Yes,448," $2,240.00 "," $1,120.00 ",5/30/2020
575344,152689,Yes,439," $2,195.00 "," $1,097.50 ",7/21/2020
575481,152689,Yes,371," $1,855.00 ", $927.50 ,09/01/2020
575636,985245,Yes,373," $1,865.00 ", $932.50 ,07/08/2020
576307,152689,Yes,294," $1,470.00 ", $735.00 ,12/15/2020
577625,785432,Yes,748," $3,740.00 "," $1,870.00 ",07/04/2020
578631,325698,Yes,107, $535.00 , $267.50 ,11/29/2020
579421,325698,No,305," $1,525.00 ", $762.50 ,1/30/2020
580665,325698,Yes,566," $2,830.00 "," $1,415.00 ",06/11/2020
582146,985245,Yes,327," $1,635.00 ", $817.50 ,1/19/2020
584039,325698,No,907," $4,535.00 "," $2,267.50 ",12/26/2020
584385,325698,No,747," $3,735.00 "," $1,867.50 ",5/28/2020
585388,152689,No,798," $3,990.00 "," $1,995.00 ",7/21/2020
585917,785432,Yes,249," $1,245.00 ", $622.50 ,03/08/2020
586383,325698,No,437," $2,185.00 "," $1,092.50 ",03/01/2020
586527,152689,No,232," $1,160.00 ", $580.00 ,10/28/2020
586845,325698,No,520," $2,600.00 "," $1,300.00 ",04/03/2020
588248,325698,No,878," $4,390.00 "," $2,195.00 ",06/10/2020
588884,785432,No,667," $3,335.00 "," $1,667.50 ",2/17/2020
589280,785432,No,645," $3,225.00 "," $1,612.50 ",3/27/2020
589922,985245,Yes,558," $2,790.00 "," $1,395.00 ",10/09/2020
590182,985245,No,406," $2,030.00 "," $1,015.00 ",04/04/2020
594374,152689,Yes,494," $2,470.00 "," $1,235.00 ",07/11/2020
594808,985245,No,577," $2,885.00 "," $1,442.50 ",02/12/2020
595618,325698,Yes,128, $640.00 , $320.00 ,9/18/2020
596315,452584,Yes,413," $2,065.00 "," $1,032.50 ",05/04/2020
596928,785432,No,529," $2,645.00 "," $1,322.50 ",07/05/2020
596975,152689,Yes,500," $2,500.00 "," $1,250.00 ",1/13/2020
597664,985245,No,845," $4,225.00 "," $2,112.50 ",02/09/2020
602579,325698,Yes,672," $3,360.00 "," $1,680.00 ",1/17/2020
603607,325698,No,861," $4,305.00 "," $2,152.50 ",10/26/2020
604236,325698,Yes,337," $1,685.00 ", $842.50 ,07/09/2020
604637,452584,Yes,697," $3,485.00 "," $1,742.50 ",8/16/2020
604712,985245,Yes,799," $3,995.00 "," $1,997.50 ",08/11/2020
605022,985245,No,227," $1,135.00 ", $567.50 ,9/27/2020
606892,985245,No,95, $475.00 , $237.50 ,05/12/2020
607546,985245,Yes,50, $250.00 , $125.00 ,5/22/2020
608033,985245,No,866," $4,330.00 "," $2,165.00 ",04/06/2020
608731,985245,No,569," $2,845.00 "," $1,422.50 ",2/19/2020
609848,785432,No,159, $795.00 , $397.50 ,03/01/2020
613626,985245,Yes,878," $4,390.00 "," $2,195.00 ",5/31/2020
613916,325698,Yes,788," $3,940.00 "," $1,970.00 ",11/08/2020
614479,325698,Yes,136, $680.00 , $340.00 ,8/21/2020
615150,152689,Yes,254," $1,270.00 ", $635.00 ,6/19/2020
616028,325698,Yes,660," $3,300.00 "," $1,650.00 ",05/10/2020
616162,785432,No,141, $705.00 , $352.50 ,6/22/2020
616594,325698,No,343," $1,715.00 ", $857.50 ,05/06/2020
617277,325698,No,637," $3,185.00 "," $1,592.50 ",3/30/2020
617806,985245,Yes,1000," $5,000.00 "," $2,500.00 ",06/03/2020
617865,452584,Yes,62, $310.00 , $155.00 ,01/01/2020
620463,985245,No,128, $640.00 , $320.00 ,5/14/2020
621395,325698,No,471," $2,355.00 "," $1,177.50 ",9/26/2020
621522,985245,No,60, $300.00 , $150.00 ,8/22/2020
623274,325698,Yes,957," $4,785.00 "," $2,392.50 ",02/02/2020
624654,325698,Yes,394," $1,970.00 ", $985.00 ,06/04/2020
625541,152689,No,62, $310.00 , $155.00 ,06/10/2020
626315,325698,Yes,681," $3,405.00 "," $1,702.50 ",4/20/2020
626350,152689,Yes,974," $4,870.00 "," $2,435.00 ",12/29/2020
628259,785432,No,250," $1,250.00 ", $625.00 ,5/14/2020
629460,325698,Yes,250," $1,250.00 ", $625.00 ,5/30/2020
629859,325698,Yes,411," $2,055.00 "," $1,027.50 ",11/26/2020
630749,452584,Yes,767," $3,835.00 "," $1,917.50 ",10/13/2020
633331,325698,Yes,523," $2,615.00 "," $1,307.50 ",10/04/2020
634507,152689,No,557," $2,785.00 "," $1,392.50 ",09/08/2020
635008,325698,Yes,351," $1,755.00 ", $877.50 ,6/29/2020
636547,985245,No,138, $690.00 , $345.00 ,08/07/2020
636552,152689,Yes,612," $3,060.00 "," $1,530.00 ",8/17/2020
636900,785432,Yes,837," $4,185.00 "," $2,092.50 ",10/16/2020
637784,785432,No,604," $3,020.00 "," $1,510.00 ",11/15/2020
638692,452584,No,447," $2,235.00 "," $1,117.50 ",11/21/2020
639424,325698,No,378," $1,890.00 ", $945.00 ,05/04/2020
639608,785432,No,393," $1,965.00 ", $982.50 ,5/14/2020
641426,152689,No,52, $260.00 , $130.00 ,08/01/2020
642418,152689,No,740," $3,700.00 "," $1,850.00 ",03/05/2020
643192,985245,Yes,167, $835.00 , $417.50 ,7/28/2020
643210,985245,No,716," $3,580.00 "," $1,790.00 ",5/16/2020
643757,152689,Yes,854," $4,270.00 "," $2,135.00 ",8/21/2020
647752,152689,Yes,582," $2,910.00 "," $1,455.00 ",06/10/2020
649229,785432,No,363," $1,815.00 ", $907.50 ,08/11/2020
650269,325698,No,179, $895.00 , $447.50 ,8/28/2020
650612,152689,Yes,244," $1,220.00 ", $610.00 ,2/24/2020
655007,785432,No,72, $360.00 , $180.00 ,4/14/2020
655144,152689,No,969," $4,845.00 "," $2,422.50 ",5/23/2020
655972,152689,Yes,337," $1,685.00 ", $842.50 ,4/20/2020
656358,985245,No,675," $3,375.00 "," $1,687.50 ",2/17/2020
656789,325698,No,118, $590.00 , $295.00 ,12/28/2020
657335,985245,No,408," $2,040.00 "," $1,020.00 ",02/03/2020
658720,325698,No,340," $1,700.00 ", $850.00 ,05/05/2020
660260,325698,No,840," $4,200.00 "," $2,100.00 ",11/08/2020
661123,985245,Yes,847," $4,235.00 "," $2,117.50 ",12/24/2020
661724,785432,No,340," $1,700.00 ", $850.00 ,9/25/2020
662094,785432,Yes,69, $345.00 , $172.50 ,11/19/2020
662674,452584,Yes,304," $1,520.00 ", $760.00 ,10/12/2020
663009,152689,Yes,511," $2,555.00 "," $1,277.50 ",09/08/2020
666910,325698,Yes,949," $4,745.00 "," $2,372.50 ",8/20/2020
670189,325698,No,128, $640.00 , $320.00 ,9/30/2020
670237,325698,Yes,396," $1,980.00 ", $990.00 ,9/26/2020
670668,785432,Yes,451," $2,255.00 "," $1,127.50 ",08/08/2020
670979,452584,No,907," $4,535.00 "," $2,267.50 ",08/04/2020
673063,785432,No,183, $915.00 , $457.50 ,11/20/2020
673425,985245,No,568," $2,840.00 "," $1,420.00 ",10/11/2020
673648,985245,Yes,944," $4,720.00 "," $2,360.00 ",4/21/2020
674029,785432,Yes,463," $2,315.00 "," $1,157.50 ",03/10/2020
680593,985245,Yes,573," $2,865.00 "," $1,432.50 ",01/05/2020
681100,785432,Yes,907," $4,535.00 "," $2,267.50 ",5/24/2020
681122,152689,No,802," $4,010.00 "," $2,005.00 ",12/10/2020
681143,785432,Yes,86, $430.00 , $215.00 ,11/02/2020
681993,152689,Yes,589," $2,945.00 "," $1,472.50 ",11/25/2020
683924,985245,Yes,279," $1,395.00 ", $697.50 ,8/13/2020
686230,152689,Yes,418," $2,090.00 "," $1,045.00 ",6/22/2020
690844,152689,Yes,630," $3,150.00 "," $1,575.00 ",10/01/2020
691871,325698,Yes,575," $2,875.00 "," $1,437.50 ",08/12/2020
691990,985245,Yes,60, $300.00 , $150.00 ,1/25/2020
693438,325698,No,551," $2,755.00 "," $1,377.50 ",10/24/2020
694018,985245,No,439," $2,195.00 "," $1,097.50 ",07/03/2020
694664,785432,Yes,118, $590.00 , $295.00 ,08/04/2020
694712,785432,Yes,534," $2,670.00 "," $1,335.00 ",09/02/2020
695503,152689,No,470," $2,350.00 "," $1,175.00 ",5/23/2020
696436,325698,No,453," $2,265.00 "," $1,132.50 ",6/14/2020
696915,325698,No,140, $700.00 , $350.00 ,6/24/2020
699402,152689,No,786," $3,930.00 "," $1,965.00 ",06/01/2020
700155,985245,No,223," $1,115.00 ", $557.50 ,10/08/2020
701509,152689,No,919," $4,595.00 "," $2,297.50 ",12/15/2020
702385,325698,No,201," $1,005.00 ", $502.50 ,01/12/2020
703382,452584,No,74, $370.00 , $185.00 ,09/12/2020
704335,325698,Yes,832," $4,160.00 "," $2,080.00 ",11/22/2020
707730,785432,No,588," $2,940.00 "," $1,470.00 ",1/28/2020
707965,152689,No,965," $4,825.00 "," $2,412.50 ",4/17/2020
708058,325698,No,224," $1,120.00 ", $560.00 ,10/20/2020
708338,325698,No,587," $2,935.00 "," $1,467.50 ",6/16/2020
709704,985245,No,879," $4,395.00 "," $2,197.50 ",12/18/2020
710626,152689,No,326," $1,630.00 ", $815.00 ,10/21/2020
710714,325698,No,496," $2,480.00 "," $1,240.00 ",01/07/2020
711118,325698,No,342," $1,710.00 ", $855.00 ,2/14/2020
711368,152689,Yes,484," $2,420.00 "," $1,210.00 ",12/28/2020
713112,985245,No,982," $4,910.00 "," $2,455.00 ",08/03/2020
715297,152689,No,383," $1,915.00 ", $957.50 ,2/18/2020
715793,152689,No,100, $500.00 , $250.00 ,04/03/2020
717200,325698,No,199, $995.00 , $497.50 ,11/11/2020
718417,152689,Yes,175, $875.00 , $437.50 ,1/20/2020
718485,785432,Yes,294," $1,470.00 ", $735.00 ,8/15/2020
718795,152689,Yes,692," $3,460.00 "," $1,730.00 ",1/29/2020
719068,785432,Yes,717," $3,585.00 "," $1,792.50 ",10/13/2020
721003,152689,No,279," $1,395.00 ", $697.50 ,3/22/2020
721026,152689,No,168, $840.00 , $420.00 ,07/09/2020
725282,985245,No,881," $4,405.00 "," $2,202.50 ",10/09/2020
730647,985245,Yes,276," $1,380.00 ", $690.00 ,7/17/2020
731926,985245,No,522," $2,610.00 "," $1,305.00 ",11/18/2020
732711,152689,No,491," $2,455.00 "," $1,227.50 ",04/04/2020
738774,452584,No,474," $2,370.00 "," $1,185.00 ",5/13/2020
742364,452584,Yes,298," $1,490.00 ", $745.00 ,12/22/2020
742624,985245,Yes,715," $3,575.00 "," $1,787.50 ",6/21/2020
746462,325698,No,784," $3,920.00 "," $1,960.00 ",9/26/2020
746823,985245,No,329," $1,645.00 ", $822.50 ,12/10/2020
747181,985245,No,245," $1,225.00 ", $612.50 ,5/27/2020
747451,325698,No,313," $1,565.00 ", $782.50 ,11/07/2020
747478,325698,No,302," $1,510.00 ", $755.00 ,8/31/2020
749930,985245,No,766," $3,830.00 "," $1,915.00 ",09/11/2020
750072,785432,Yes,233," $1,165.00 ", $582.50 ,5/20/2020
750401,985245,No,209," $1,045.00 ", $522.50 ,1/13/2020
750597,985245,Yes,142, $710.00 , $355.00 ,11/21/2020
751142,985245,Yes,987," $4,935.00 "," $2,467.50 ",12/31/2020
752054,325698,No,91, $455.00 , $227.50 ,08/11/2020
753483,452584,No,959," $4,795.00 "," $2,397.50 ",6/26/2020
755329,785432,Yes,268," $1,340.00 ", $670.00 ,03/10/2020
756135,785432,Yes,867," $4,335.00 "," $2,167.50 ",12/01/2020
756865,985245,No,225," $1,125.00 ", $562.50 ,1/22/2020
757592,452584,Yes,970," $4,850.00 "," $2,425.00 ",6/20/2020
760812,325698,Yes,717," $3,585.00 "," $1,792.50 ",8/22/2020
764047,152689,Yes,254," $1,270.00 ", $635.00 ,04/09/2020
767274,152689,Yes,924," $4,620.00 "," $2,310.00 ",09/12/2020
768738,452584,Yes,534," $2,670.00 "," $1,335.00 ",8/31/2020
769928,325698,No,532," $2,660.00 "," $1,330.00 ",12/06/2020
770527,985245,No,332," $1,660.00 ", $830.00 ,8/24/2020
771355,985245,No,697," $3,485.00 "," $1,742.50 ",5/28/2020
771432,325698,Yes,932," $4,660.00 "," $2,330.00 ",12/27/2020
771452,325698,No,387," $1,935.00 ", $967.50 ,12/02/2020
771753,985245,Yes,472," $2,360.00 "," $1,180.00 ",7/24/2020
773259,785432,No,396," $1,980.00 ", $990.00 ,11/24/2020
774683,325698,Yes,519," $2,595.00 "," $1,297.50 ",4/13/2020
777018,325698,No,573," $2,865.00 "," $1,432.50 ",10/31/2020
778316,152689,Yes,77, $385.00 , $192.50 ,02/04/2020
778964,785432,Yes,189, $945.00 , $472.50 ,11/22/2020
779061,985245,Yes,765," $3,825.00 "," $1,912.50 ",3/25/2020
779415,325698,No,772," $3,860.00 "," $1,930.00 ",9/14/2020
780820,152689,Yes,766," $3,830.00 "," $1,915.00 ",07/10/2020
781165,325698,Yes,567," $2,835.00 "," $1,417.50 ",07/08/2020
781517,325698,No,171, $855.00 , $427.50 ,1/30/2020
782086,325698,No,857," $4,285.00 "," $2,142.50 ",5/18/2020
782368,985245,No,507," $2,535.00 "," $1,267.50 ",11/23/2020
783252,152689,No,578," $2,890.00 "," $1,445.00 ",10/22/2020
783895,785432,No,970," $4,850.00 "," $2,425.00 ",5/21/2020
783948,325698,Yes,697," $3,485.00 "," $1,742.50 ",08/01/2020
784583,325698,Yes,86, $430.00 , $215.00 ,8/19/2020
788212,785432,Yes,115, $575.00 , $287.50 ,5/26/2020
788942,325698,Yes,998," $4,990.00 "," $2,495.00 ",11/18/2020
789672,985245,No,126, $630.00 , $315.00 ,11/02/2020
790529,785432,No,69, $345.00 , $172.50 ,04/10/2020
793259,785432,Yes,151, $755.00 , $377.50 ,3/30/2020
794609,452584,No,633," $3,165.00 "," $1,582.50 ",10/09/2020
795978,785432,No,275," $1,375.00 ", $687.50 ,3/20/2020
798730,152689,Yes,827," $4,135.00 "," $2,067.50 ",04/06/2020
798935,325698,No,664," $3,320.00 "," $1,660.00 ",09/07/2020
799286,325698,Yes,175, $875.00 , $437.50 ,8/13/2020
800224,152689,Yes,306," $1,530.00 ", $765.00 ,11/11/2020
800525,785432,Yes,164, $820.00 , $410.00 ,01/03/2020
802249,325698,No,535," $2,675.00 "," $1,337.50 ",2/15/2020
803158,985245,No,436," $2,180.00 "," $1,090.00 ",02/01/2020
804322,785432,Yes,427," $2,135.00 "," $1,067.50 ",4/23/2020
807289,452584,No,907," $4,535.00 "," $2,267.50 ",01/06/2020
807995,325698,Yes,788," $3,940.00 "," $1,970.00 ",3/13/2020
808349,985245,Yes,396," $1,980.00 ", $990.00 ,12/29/2020
809147,985245,No,449," $2,245.00 "," $1,122.50 ",05/03/2020
812501,785432,No,775," $3,875.00 "," $1,937.50 ",06/03/2020
813357,152689,Yes,355," $1,775.00 ", $887.50 ,9/26/2020
814534,785432,Yes,413," $2,065.00 "," $1,032.50 ",3/23/2020
814674,152689,Yes,768," $3,840.00 "," $1,920.00 ",12/16/2020
814713,325698,Yes,885," $4,425.00 "," $2,212.50 ",3/17/2020
816043,785432,Yes,708," $3,540.00 "," $1,770.00 ",04/11/2020
816130,785432,Yes,497," $2,485.00 "," $1,242.50 ",7/23/2020
816358,152689,No,988," $4,940.00 "," $2,470.00 ",02/04/2020
820296,152689,No,877," $4,385.00 "," $2,192.50 ",9/19/2020
822370,325698,Yes,425," $2,125.00 "," $1,062.50 ",03/01/2020
824241,985245,Yes,794," $3,970.00 "," $1,985.00 ",11/13/2020
826310,325698,Yes,645," $3,225.00 "," $1,612.50 ",12/26/2020
827225,985245,No,254," $1,270.00 ", $635.00 ,10/27/2020
828647,985245,No,726," $3,630.00 "," $1,815.00 ",1/19/2020
830105,785432,Yes,714," $3,570.00 "," $1,785.00 ",10/17/2020
830359,152689,No,752," $3,760.00 "," $1,880.00 ",7/28/2020
830715,325698,No,828," $4,140.00 "," $2,070.00 ",6/22/2020
830928,985245,No,868," $4,340.00 "," $2,170.00 ",5/19/2020
835858,325698,No,341," $1,705.00 ", $852.50 ,4/18/2020
837243,785432,No,84, $420.00 , $210.00 ,4/22/2020
839382,325698,No,644," $3,220.00 "," $1,610.00 ",6/23/2020
840155,325698,No,393," $1,965.00 ", $982.50 ,6/24/2020
841353,152689,Yes,527," $2,635.00 "," $1,317.50 ",7/30/2020
842561,152689,No,53, $265.00 , $132.50 ,9/27/2020
843491,325698,No,206," $1,030.00 ", $515.00 ,12/21/2020
844220,152689,No,931," $4,655.00 "," $2,327.50 ",8/18/2020
845175,985245,No,261," $1,305.00 ", $652.50 ,2/26/2020
845628,152689,No,354," $1,770.00 ", $885.00 ,5/30/2020
846605,985245,Yes,700," $3,500.00 "," $1,750.00 ",10/28/2020
848626,985245,No,601," $3,005.00 "," $1,502.50 ",06/03/2020
848764,785432,Yes,208," $1,040.00 ", $520.00 ,06/09/2020
848797,152689,No,569," $2,845.00 "," $1,422.50 ",11/18/2020
850270,152689,Yes,107, $535.00 , $267.50 ,2/18/2020
850973,325698,Yes,662," $3,310.00 "," $1,655.00 ",1/19/2020
851540,325698,Yes,283," $1,415.00 ", $707.50 ,12/04/2020
851812,785432,No,792," $3,960.00 "," $1,980.00 ",05/06/2020
852937,325698,Yes,801," $4,005.00 "," $2,002.50 ",03/05/2020
853742,325698,Yes,804," $4,020.00 "," $2,010.00 ",4/28/2020
853782,785432,Yes,193, $965.00 , $482.50 ,3/31/2020
854170,785432,No,138, $690.00 , $345.00 ,3/14/2020
856398,325698,Yes,328," $1,640.00 ", $820.00 ,7/31/2020
857736,785432,No,345," $1,725.00 ", $862.50 ,6/16/2020
859406,785432,Yes,279," $1,395.00 ", $697.50 ,11/22/2020
859745,985245,No,250," $1,250.00 ", $625.00 ,4/28/2020
860562,152689,No,537," $2,685.00 "," $1,342.50 ",10/10/2020
862008,785432,Yes,883," $4,415.00 "," $2,207.50 ",7/22/2020
865416,152689,Yes,191, $955.00 , $477.50 ,03/06/2020
865663,325698,Yes,61, $305.00 , $152.50 ,3/18/2020
865714,985245,No,331," $1,655.00 ", $827.50 ,8/28/2020
865960,325698,No,381," $1,905.00 ", $952.50 ,5/19/2020
866610,452584,No,396," $1,980.00 ", $990.00 ,6/20/2020
868035,325698,No,803," $4,015.00 "," $2,007.50 ",4/16/2020
871605,152689,Yes,486," $2,430.00 "," $1,215.00 ",12/01/2020
871676,985245,Yes,676," $3,380.00 "," $1,690.00 ",10/02/2020
872577,785432,Yes,270," $1,350.00 ", $675.00 ,1/18/2020
875175,325698,Yes,766," $3,830.00 "," $1,915.00 ",8/16/2020
876056,985245,No,270," $1,350.00 ", $675.00 ,12/30/2020
877503,985245,Yes,253," $1,265.00 ", $632.50 ,4/13/2020
877715,325698,Yes,634," $3,170.00 "," $1,585.00 ",10/13/2020
878328,785432,No,978," $4,890.00 "," $2,445.00 ",10/18/2020
880376,325698,No,567," $2,835.00 "," $1,417.50 ",1/22/2020
880643,785432,No,326," $1,630.00 ", $815.00 ,9/26/2020
880923,985245,Yes,361," $1,805.00 ", $902.50 ,5/18/2020
881420,985245,No,65, $325.00 , $162.50 ,12/15/2020
882457,325698,No,832," $4,160.00 "," $2,080.00 ",02/11/2020
884417,985245,No,132, $660.00 , $330.00 ,06/11/2020
885208,785432,Yes,585," $2,925.00 "," $1,462.50 ",4/30/2020
886101,785432,No,434," $2,170.00 "," $1,085.00 ",9/21/2020
887024,985245,Yes,237," $1,185.00 ", $592.50 ,02/08/2020
887504,152689,Yes,458," $2,290.00 "," $1,145.00 ",11/30/2020
887683,985245,Yes,109, $545.00 , $272.50 ,12/19/2020
888049,325698,No,471," $2,355.00 "," $1,177.50 ",3/26/2020
888053,152689,Yes,531," $2,655.00 "," $1,327.50 ",02/07/2020
888380,985245,Yes,481," $2,405.00 "," $1,202.50 ",7/18/2020
888796,985245,No,232," $1,160.00 ", $580.00 ,06/08/2020
890442,785432,No,116, $580.00 , $290.00 ,12/11/2020
891248,785432,Yes,199, $995.00 , $497.50 ,9/13/2020
891332,985245,No,479," $2,395.00 "," $1,197.50 ",09/06/2020
891869,785432,No,195, $975.00 , $487.50 ,2/18/2020
893215,325698,No,253," $1,265.00 ", $632.50 ,6/16/2020
893340,985245,No,878," $4,390.00 "," $2,195.00 ",2/27/2020
893739,985245,Yes,844," $4,220.00 "," $2,110.00 ",4/13/2020
894307,325698,No,262," $1,310.00 ", $655.00 ,11/05/2020
895772,152689,No,622," $3,110.00 "," $1,555.00 ",6/26/2020
897246,785432,No,440," $2,200.00 "," $1,100.00 ",11/30/2020
898438,985245,Yes,148, $740.00 , $370.00 ,04/12/2020
899519,452584,Yes,967," $4,835.00 "," $2,417.50 ",9/15/2020
900191,325698,No,809," $4,045.00 "," $2,022.50 ",2/24/2020
901766,985245,Yes,545," $2,725.00 "," $1,362.50 ",07/05/2020
902239,152689,No,999," $4,995.00 "," $2,497.50 ",7/29/2020
902323,985245,No,538," $2,690.00 "," $1,345.00 ",05/06/2020
903575,325698,Yes,490," $2,450.00 "," $1,225.00 ",9/14/2020
903848,325698,Yes,143, $715.00 , $357.50 ,11/28/2020
904199,452584,Yes,834," $4,170.00 "," $2,085.00 ",08/05/2020
904869,785432,No,314," $1,570.00 ", $785.00 ,1/17/2020
906411,325698,Yes,544," $2,720.00 "," $1,360.00 ",10/11/2020
907552,152689,No,608," $3,040.00 "," $1,520.00 ",09/04/2020
907719,152689,No,408," $2,040.00 "," $1,020.00 ",1/26/2020
912554,152689,Yes,329," $1,645.00 ", $822.50 ,04/07/2020
912602,985245,No,909," $4,545.00 "," $2,272.50 ",07/10/2020
912936,325698,Yes,417," $2,085.00 "," $1,042.50 ",6/22/2020
913978,985245,No,672," $3,360.00 "," $1,680.00 ",08/05/2020
916186,152689,Yes,154, $770.00 , $385.00 ,02/11/2020
916225,152689,No,933," $4,665.00 "," $2,332.50 ",11/09/2020
918091,325698,No,890," $4,450.00 "," $2,225.00 ",4/19/2020
918483,325698,No,761," $3,805.00 "," $1,902.50 ",04/07/2020
921011,785432,Yes,57, $285.00 , $142.50 ,11/11/2020
922998,325698,No,194, $970.00 , $485.00 ,2/17/2020
925010,985245,Yes,290," $1,450.00 ", $725.00 ,7/27/2020
925259,325698,Yes,178, $890.00 , $445.00 ,6/18/2020
929419,785432,No,825," $4,125.00 "," $2,062.50 ",7/18/2020
929839,785432,Yes,631," $3,155.00 "," $1,577.50 ",9/14/2020
930934,325698,Yes,436," $2,180.00 "," $1,090.00 ",9/13/2020
931362,985245,Yes,138, $690.00 , $345.00 ,11/01/2020
933720,985245,No,114, $570.00 , $285.00 ,08/08/2020
934023,985245,No,651," $3,255.00 "," $1,627.50 ",07/02/2020
937490,325698,Yes,703," $3,515.00 "," $1,757.50 ",4/13/2020
938803,152689,No,420," $2,100.00 "," $1,050.00 ",06/12/2020
939071,785432,No,801," $4,005.00 "," $2,002.50 ",12/02/2020
939774,152689,No,786," $3,930.00 "," $1,965.00 ",6/23/2020
939955,985245,No,597," $2,985.00 "," $1,492.50 ",04/10/2020
940045,785432,No,378," $1,890.00 ", $945.00 ,4/30/2020
940412,325698,Yes,665," $3,325.00 "," $1,662.50 ",04/11/2020
942932,985245,Yes,260," $1,300.00 ", $650.00 ,12/24/2020
943430,325698,Yes,117, $585.00 , $292.50 ,9/20/2020
943720,152689,No,985," $4,925.00 "," $2,462.50 ",08/07/2020
946054,152689,Yes,775," $3,875.00 "," $1,937.50 ",03/10/2020
946257,325698,Yes,749," $3,745.00 "," $1,872.50 ",1/31/2020
950458,325698,No,153, $765.00 , $382.50 ,10/09/2020
951311,152689,Yes,175, $875.00 , $437.50 ,10/11/2020
956095,985245,Yes,519," $2,595.00 "," $1,297.50 ",10/13/2020
956101,325698,No,267," $1,335.00 ", $667.50 ,7/24/2020
957273,452584,Yes,51, $255.00 , $127.50 ,10/31/2020
957758,985245,No,882," $4,410.00 "," $2,205.00 ",8/17/2020
958419,325698,No,269," $1,345.00 ", $672.50 ,12/29/2020
959057,785432,No,440," $2,200.00 "," $1,100.00 ",03/12/2020
961020,152689,No,88, $440.00 , $220.00 ,4/23/2020
961459,325698,No,277," $1,385.00 ", $692.50 ,6/14/2020
962834,985245,Yes,164, $820.00 , $410.00 ,12/06/2020
964261,985245,Yes,777," $3,885.00 "," $1,942.50 ",6/24/2020
966247,785432,No,325," $1,625.00 ", $812.50 ,04/07/2020
967149,325698,Yes,600," $3,000.00 "," $1,500.00 ",9/15/2020
967460,785432,Yes,615," $3,075.00 "," $1,537.50 ",2/22/2020
967716,985245,Yes,975," $4,875.00 "," $2,437.50 ",5/26/2020
971373,452584,Yes,931," $4,655.00 "," $2,327.50 ",07/09/2020
971773,325698,Yes,306," $1,530.00 ", $765.00 ,11/28/2020
973867,985245,Yes,930," $4,650.00 "," $2,325.00 ",03/09/2020
974004,325698,Yes,819," $4,095.00 "," $2,047.50 ",9/25/2020
976082,325698,Yes,434," $2,170.00 "," $1,085.00 ",07/07/2020
976271,325698,Yes,422," $2,110.00 "," $1,055.00 ",11/17/2020
978944,785432,Yes,854," $4,270.00 "," $2,135.00 ",11/23/2020
979225,325698,Yes,644," $3,220.00 "," $1,610.00 ",4/24/2020
980515,152689,No,996," $4,980.00 "," $2,490.00 ",03/08/2020
981111,152689,Yes,306," $1,530.00 ", $765.00 ,04/02/2020
981201,785432,No,500," $2,500.00 "," $1,250.00 ",02/12/2020
982546,152689,Yes,145, $725.00 , $362.50 ,05/07/2020
985634,452584,Yes,793," $3,965.00 "," $1,982.50 ",7/21/2020
987214,985245,No,856," $4,280.00 "," $2,140.00 ",06/01/2020
989107,325698,No,737," $3,685.00 "," $1,842.50 ",08/12/2020
991506,325698,Yes,232," $1,160.00 ", $580.00 ,07/09/2020
991596,325698,Yes,249," $1,245.00 ", $622.50 ,08/05/2020
993432,325698,No,785," $3,925.00 "," $1,962.50 ",11/02/2020
994115,152689,Yes,370," $1,850.00 ", $925.00 ,11/24/2020
995178,785432,No,93, $465.00 , $232.50 ,3/20/2020
995990,985245,No,355," $1,775.00 ", $887.50 ,4/17/2020
999861,452584,Yes,457," $2,285.00 "," $1,142.50 ",3/20/2020
